<?xml version="1.0" encoding="UTF-8"?>
<!DOCTYPE html PUBLIC "-//W3C//DTD XHTML 1.0 Transitional//EN"
    "http://www.w3.org/TR/xhtml1/DTD/xhtml1-transitional.dtd">
<html xmlns="http://www.w3.org/1999/xhtml" xml:lang="en" lang="en">
 <head>
  <title>
</title>
<meta http-equiv="Content-Type" content="text/html;charset=utf-8" />
  <meta name='ocr-system' content='tesseract 3.04.00' />
  <meta name='ocr-capabilities' content='ocr_page ocr_carea ocr_par ocr_line ocrx_word'/>
</head>
<body>
  <div class='ocr_page' id='page_1' title='image "anthologiagraeca08brunuoft_0399.png"; bbox 0 0 1598 2866; ppageno 0'>
   <div class='ocr_carea' id='block_1_1' title="bbox 127 164 1385 216">
    <p class='ocr_par' dir='ltr' id='par_1_1' title="bbox 127 164 1385 216">
     <span class='ocr_line' id='line_1_1' title="bbox 127 164 1385 216; baseline 0.006 -17"><span class='ocrx_word' id='word_1_1' title='bbox 127 164 475 216; x_wconf 51' lang='lat' dir='ltr'><strong>214144.w.145.</strong></span> <span class='ocrx_word' id='word_1_2' title='bbox 544 173 1030 205; x_wconf 65' lang='grc' dir='ltr'><strong>ιιισιιΑΜΜΑτΑ.</strong></span> <span class='ocrx_word' id='word_1_3' title='bbox 1293 171 1385 215; x_wconf 81' lang='lat'>393</span> 
     </span>
    </p>
   </div>
   <div class='ocr_carea' id='block_1_2' title="bbox 111 273 1440 2556">
    <p class='ocr_par' dir='ltr' id='par_1_2' title="bbox 129 273 1440 610">
     <span class='ocr_line' id='line_1_2' title="bbox 230 273 1390 340; baseline 0.004 -15"><span class='ocrx_word' id='word_1_4' title='bbox 230 285 362 326; x_wconf 81' lang='lat' dir='ltr'><strong>XVII.</strong></span> <span class='ocrx_word' id='word_1_5' title='bbox 399 284 524 326; x_wconf 78' lang='lat' dir='ltr'><strong>Anth.</strong></span> <span class='ocrx_word' id='word_1_6' title='bbox 547 286 655 327; x_wconf 88' lang='lat' dir='ltr'><strong>Plan.</strong></span> <span class='ocrx_word' id='word_1_7' title='bbox 673 301 709 340; x_wconf 86' lang='lat' dir='ltr'><strong>p.</strong></span> <span class='ocrx_word' id='word_1_8' title='bbox 732 295 842 338; x_wconf 83' lang='lat'><strong>292.</strong></span> <span class='ocrx_word' id='word_1_9' title='bbox 864 288 922 328; x_wconf 87' lang='lat' dir='ltr'>St.</span> <span class='ocrx_word' id='word_1_10' title='bbox 946 295 1006 338; x_wconf 83' lang='lat'>43</span> <span class='ocrx_word' id='word_1_11' title='bbox 1018 296 1055 326; x_wconf 83' lang='lat'>2.</span> <span class='ocrx_word' id='word_1_12' title='bbox 1075 273 1143 328; x_wconf 58' lang='lat' dir='ltr'>W:</span> <span class='ocrx_word' id='word_1_13' title='bbox 1167 287 1302 338; x_wconf 83' lang='lat' dir='ltr'>„Quis</span> <span class='ocrx_word' id='word_1_14' title='bbox 1320 285 1390 326; x_wconf 81' lang='lat' dir='ltr'>hic</span> 
     </span>
     <span class='ocr_line' id='line_1_3' title="bbox 133 349 1440 409; baseline 0.002 -17"><span class='ocrx_word' id='word_1_15' title='bbox 133 349 216 398; x_wconf 64' lang='lat' dir='ltr'>„fit</span> <span class='ocrx_word' id='word_1_16' title='bbox 236 350 410 406; x_wconf 67' lang='lat' dir='ltr'>ctispes,</span> <span class='ocrx_word' id='word_1_17' title='bbox 439 350 584 394; x_wconf 83' lang='lat' dir='ltr'>nescio.</span> <span class='ocrx_word' id='word_1_18' title='bbox 625 355 682 394; x_wconf 85' lang='lat' dir='ltr'>‘Si</span> <span class='ocrx_word' id='word_1_19' title='bbox 698 368 836 394; x_wconf 85' lang='lat' dir='ltr'>verum</span> <span class='ocrx_word' id='word_1_20' title='bbox 858 354 914 394; x_wconf 90' lang='lat' dir='ltr'>est</span> <span class='ocrx_word' id='word_1_21' title='bbox 932 354 1091 403; x_wconf 84' lang='lat' dir='ltr'>lemma,</span> <span class='ocrx_word' id='word_1_22' title='bbox 1118 355 1244 394; x_wconf 79' lang='lat' dir='ltr'>locata</span> <span class='ocrx_word' id='word_1_23' title='bbox 1266 353 1388 394; x_wconf 86' lang='lat' dir='ltr'>fuerit</span> <span class='ocrx_word' id='word_1_24' title='bbox 1437 408 1440 409; x_wconf 19' lang='lat'><em>⁷</em></span> 
     </span>
     <span class='ocr_line' id='line_1_4' title="bbox 133 419 1388 475; baseline 0.002 -16"><span class='ocrx_word' id='word_1_25' title='bbox 133 419 275 463; x_wconf 71' lang='lat' dir='ltr'>„iuius</span> <span class='ocrx_word' id='word_1_26' title='bbox 293 420 426 475; x_wconf 83' lang='lat' dir='ltr'>imago</span> <span class='ocrx_word' id='word_1_27' title='bbox 448 421 490 460; x_wconf 88' lang='lat' dir='ltr'>in</span> <span class='ocrx_word' id='word_1_28' title='bbox 513 422 620 471; x_wconf 86' lang='lat' dir='ltr'>vico,</span> <span class='ocrx_word' id='word_1_29' title='bbox 648 421 718 461; x_wconf 91' lang='lat' dir='ltr'>ubi</span> <span class='ocrx_word' id='word_1_30' title='bbox 742 433 822 461; x_wconf 74' lang='lat' dir='ltr'>tres</span> <span class='ocrx_word' id='word_1_31' title='bbox 843 424 1040 461; x_wconf 83' lang='lat' dir='ltr'>Fortunae</span> <span class='ocrx_word' id='word_1_32' title='bbox 1059 420 1207 460; x_wconf 85' lang='lat' dir='ltr'>statuae</span> <span class='ocrx_word' id='word_1_33' title='bbox 1228 419 1388 474; x_wconf 82' lang='lat' dir='ltr'>pofitae.</span> 
     </span>
     <span class='ocr_line' id='line_1_5' title="bbox 131 485 1389 544; baseline -0.002 -14"><span class='ocrx_word' id='word_1_34' title='bbox 131 485 430 530; x_wconf 69' lang='lat' dir='ltr'>„Verifimilius</span> <span class='ocrx_word' id='word_1_35' title='bbox 454 487 508 527; x_wconf 84' lang='lat' dir='ltr'>est</span> <span class='ocrx_word' id='word_1_36' title='bbox 531 487 677 529; x_wconf 57' lang='lat' dir='ltr'>faetum</span> <span class='ocrx_word' id='word_1_37' title='bbox 702 501 859 529; x_wconf 87' lang='lat' dir='ltr'>carmen</span> <span class='ocrx_word' id='word_1_38' title='bbox 889 487 1087 544; x_wconf 14' lang='lat' dir='ltr'>occaaefione</span> <span class='ocrx_word' id='word_1_39' title='bbox 1110 489 1230 528; x_wconf 79' lang='lat' dir='ltr'>trium</span> <span class='ocrx_word' id='word_1_40' title='bbox 1253 491 1389 528; x_wconf 85' lang='lat' dir='ltr'>Fortu-</span> 
     </span>
     <span class='ocr_line' id='line_1_6' title="bbox 129 554 1389 610; baseline 0.002 -18"><span class='ocrx_word' id='word_1_41' title='bbox 129 565 242 600; x_wconf 60' lang='grc' dir='ltr'>»τηε</span> <span class='ocrx_word' id='word_1_42' title='bbox 260 554 486 604; x_wconf 85' lang='lat' dir='ltr'>statuarum,</span> <span class='ocrx_word' id='word_1_43' title='bbox 513 566 581 595; x_wconf 84' lang='lat' dir='ltr'>aut</span> <span class='ocrx_word' id='word_1_44' title='bbox 600 557 789 608; x_wconf 66' lang='lat' dir='ltr'>pifi‘tarum</span> <span class='ocrx_word' id='word_1_45' title='bbox 819 557 1054 610; x_wconf 85' lang='lat' dir='ltr'>imaginum,</span> <span class='ocrx_word' id='word_1_46' title='bbox 1085 556 1229 609; x_wconf 86' lang='lat' dir='ltr'>quibus</span> <span class='ocrx_word' id='word_1_47' title='bbox 1249 567 1389 600; x_wconf 73' lang='lat' dir='ltr'>ornata</span> 
     </span>
    </p>

    <p class='ocr_par' dir='ltr' id='par_1_3' title="bbox 111 611 1398 2082">
     <span class='ocr_line' id='line_1_7' title="bbox 111 611 1389 677; baseline 0 -15"><span class='ocrx_word' id='word_1_48' title='bbox 111 611 298 677; x_wconf 54' lang='lat' dir='ltr'>&#39;2Ctifpi</span> <span class='ocrx_word' id='word_1_49' title='bbox 329 622 434 662; x_wconf 81' lang='lat' dir='ltr'>iuius</span> <span class='ocrx_word' id='word_1_50' title='bbox 470 623 656 662; x_wconf 81' lang='lat' dir='ltr'>domus.“</span> <span class='ocrx_word' id='word_1_51' title='bbox 688 623 759 665; x_wconf 87' lang='lat' dir='ltr'><strong>Br.</strong></span> <span class='ocrx_word' id='word_1_52' title='bbox 826 623 1007 663; x_wconf 75' lang='lat' dir='ltr'>Banduri</span> <span class='ocrx_word' id='word_1_53' title='bbox 1037 624 1081 663; x_wconf 87' lang='lat' dir='ltr'>in</span> <span class='ocrx_word' id='word_1_54' title='bbox 1116 623 1281 675; x_wconf 57' lang='lat' dir='ltr'>antiqq.</span> <span class='ocrx_word' id='word_1_55' title='bbox 1311 624 1389 664; x_wconf 85' lang='lat' dir='ltr'><strong>CP.</strong></span> 
     </span>
     <span class='ocr_line' id='line_1_8' title="bbox 134 688 1389 744; baseline 0.001 -16"><span class='ocrx_word' id='word_1_56' title='bbox 134 689 188 728; x_wconf 87' lang='lat' dir='ltr'>T.</span> <span class='ocrx_word' id='word_1_57' title='bbox 208 688 262 730; x_wconf 84' lang='lat'><strong>11.</strong></span> <span class='ocrx_word' id='word_1_58' title='bbox 295 702 334 740; x_wconf 76' lang='lat' dir='ltr'>p.</span> <span class='ocrx_word' id='word_1_59' title='bbox 358 693 463 741; x_wconf 85' lang='lat'><strong>838.</strong></span> <span class='ocrx_word' id='word_1_60' title='bbox 491 691 542 730; x_wconf 89' lang='lat' dir='ltr'>de</span> <span class='ocrx_word' id='word_1_61' title='bbox 575 688 735 743; x_wconf 88' lang='lat' dir='ltr'>Crispo,</span> <span class='ocrx_word' id='word_1_62' title='bbox 768 689 923 730; x_wconf 79' lang='lat' dir='ltr'>phocae</span> <span class='ocrx_word' id='word_1_63' title='bbox 948 690 1197 743; x_wconf 84' lang='lat' dir='ltr'>imperatoris</span> <span class='ocrx_word' id='word_1_64' title='bbox 1226 703 1389 744; x_wconf 85' lang='lat' dir='ltr'>genero,</span> 
     </span>
     <span class='ocr_line' id='line_1_9' title="bbox 132 753 1389 810; baseline 0.003 -16"><span class='ocrx_word' id='word_1_65' title='bbox 132 755 354 809; x_wconf 74' lang='lat' dir='ltr'>cogitaba13</span> <span class='ocrx_word' id='word_1_66' title='bbox 397 770 519 810; x_wconf 90' lang='lat' dir='ltr'>quem</span> <span class='ocrx_word' id='word_1_67' title='bbox 549 769 683 798; x_wconf 84' lang='lat' dir='ltr'>tamen</span> <span class='ocrx_word' id='word_1_68' title='bbox 718 759 784 798; x_wconf 82' lang='lat' dir='ltr'>aiii</span> <span class='ocrx_word' id='word_1_69' title='bbox 816 753 984 797; x_wconf 85' lang='lat' dir='ltr'>Priscum</span> <span class='ocrx_word' id='word_1_70' title='bbox 1012 758 1226 809; x_wconf 82' lang='lat' dir='ltr'>appellant.</span> <span class='ocrx_word' id='word_1_71' title='bbox 1259 759 1308 797; x_wconf 90' lang='lat' dir='ltr'>T.</span> <span class='ocrx_word' id='word_1_72' title='bbox 1337 758 1389 798; x_wconf 86' lang='lat'><strong>11.</strong></span> 
     </span>
     <span class='ocr_line' id='line_1_10' title="bbox 135 820 1391 879; baseline 0 -17"><span class='ocrx_word' id='word_1_73' title='bbox 135 835 178 875; x_wconf 83' lang='lat' dir='ltr'>p.</span> <span class='ocrx_word' id='word_1_74' title='bbox 193 820 372 876; x_wconf 84' lang='lat' dir='ltr'><strong>721.sq.</strong></span> <span class='ocrx_word' id='word_1_75' title='bbox 408 826 573 879; x_wconf 87' lang='lat' dir='ltr'>Optime</span> <span class='ocrx_word' id='word_1_76' title='bbox 586 821 1092 865; x_wconf 79' lang='lat' dir='ltr'>Schneiderusinnot.mst.:</span> <span class='ocrx_word' id='word_1_77' title='bbox 1126 825 1207 866; x_wconf 73' lang='lat' dir='ltr'>„C-</span> <span class='ocrx_word' id='word_1_78' title='bbox 1230 821 1391 876; x_wconf 85' lang='lat' dir='ltr'>Crispus</span> 
     </span>
     <span class='ocr_line' id='line_1_11' title="bbox 134 889 1391 944; baseline -0.002 -12"><span class='ocrx_word' id='word_1_79' title='bbox 134 890 318 932; x_wconf 76' lang='lat' dir='ltr'>„iterum</span> <span class='ocrx_word' id='word_1_80' title='bbox 352 889 502 932; x_wconf 81' lang='lat' dir='ltr'>Consul</span> <span class='ocrx_word' id='word_1_81' title='bbox 524 896 576 932; x_wconf 84' lang='lat' dir='ltr'><strong>A.</strong></span> <span class='ocrx_word' id='word_1_82' title='bbox 598 894 647 934; x_wconf 87' lang='lat' dir='ltr'>U.</span> <span class='ocrx_word' id='word_1_83' title='bbox 673 894 719 933; x_wconf 85' lang='lat' dir='ltr'><strong>C.</strong></span> <span class='ocrx_word' id='word_1_84' title='bbox 743 901 857 944; x_wconf 74' lang='lat'><em>797¹:</em></span> <span class='ocrx_word' id='word_1_85' title='bbox 899 889 968 930; x_wconf 86' lang='lat' dir='ltr'>sub</span> <span class='ocrx_word' id='word_1_86' title='bbox 1003 891 1170 932; x_wconf 81' lang='lat' dir='ltr'>Claudio</span> <span class='ocrx_word' id='word_1_87' title='bbox 1201 905 1262 943; x_wconf 86' lang='lat' dir='ltr'><strong>ap.</strong></span> <span class='ocrx_word' id='word_1_88' title='bbox 1296 893 1391 931; x_wconf 87' lang='lat' dir='ltr'>Dio-</span> 
     </span>
     <span class='ocr_line' id='line_1_12' title="bbox 134 956 1391 1011; baseline -0.002 -12"><span class='ocrx_word' id='word_1_89' title='bbox 134 970 266 999; x_wconf 75' lang='lat' dir='ltr'>nnem</span> <span class='ocrx_word' id='word_1_90' title='bbox 289 971 328 1010; x_wconf 84' lang='lat' dir='ltr'>p.</span> <span class='ocrx_word' id='word_1_91' title='bbox 350 958 459 1008; x_wconf 81' lang='lat'><strong>960.</strong></span> <span class='ocrx_word' id='word_1_92' title='bbox 483 956 614 999; x_wconf 87' lang='lat' dir='ltr'>nescio</span> <span class='ocrx_word' id='word_1_93' title='bbox 641 973 691 999; x_wconf 83' lang='lat' dir='ltr'>an</span> <span class='ocrx_word' id='word_1_94' title='bbox 709 957 832 1000; x_wconf 86' lang='lat' dir='ltr'>idem.</span> <span class='ocrx_word' id='word_1_95' title='bbox 872 958 1083 998; x_wconf 83' lang='lat' dir='ltr'>Tiberium</span> <span class='ocrx_word' id='word_1_96' title='bbox 1108 958 1299 1011; x_wconf 83' lang='lat' dir='ltr'>quosdam</span> <span class='ocrx_word' id='word_1_97' title='bbox 1321 957 1391 997; x_wconf 84' lang='lat' dir='ltr'>sta·</span> 
     </span>
     <span class='ocr_line' id='line_1_13' title="bbox 135 1023 1391 1079; baseline 0.001 -16"><span class='ocrx_word' id='word_1_98' title='bbox 135 1024 250 1067; x_wconf 80' lang='lat' dir='ltr'>„tuis</span> <span class='ocrx_word' id='word_1_99' title='bbox 282 1023 490 1071; x_wconf 77' lang='lat' dir='ltr'>honorass’e</span> <span class='ocrx_word' id='word_1_100' title='bbox 519 1037 560 1066; x_wconf 88' lang='lat' dir='ltr'>et</span> <span class='ocrx_word' id='word_1_101' title='bbox 586 1025 728 1066; x_wconf 85' lang='lat' dir='ltr'>funere</span> <span class='ocrx_word' id='word_1_102' title='bbox 758 1026 916 1079; x_wconf 86' lang='lat' dir='ltr'>publico</span> <span class='ocrx_word' id='word_1_103' title='bbox 946 1037 1134 1072; x_wconf 78' lang='lat' dir='ltr'>mortuos,</span> <span class='ocrx_word' id='word_1_104' title='bbox 1165 1026 1284 1065; x_wconf 77' lang='lat' dir='ltr'>tradit</span> <span class='ocrx_word' id='word_1_105' title='bbox 1305 1025 1391 1077; x_wconf 87' lang='lat' dir='ltr'>qui·</span> 
     </span>
     <span class='ocr_line' id='line_1_14' title="bbox 133 1090 1390 1146; baseline 0.001 -16"><span class='ocrx_word' id='word_1_106' title='bbox 133 1091 265 1134; x_wconf 66' lang='lat' dir='ltr'>»dem</span> <span class='ocrx_word' id='word_1_107' title='bbox 296 1093 373 1133; x_wconf 89' lang='lat' dir='ltr'>Dio</span> <span class='ocrx_word' id='word_1_108' title='bbox 395 1107 432 1146; x_wconf 89' lang='lat' dir='ltr'>p.</span> <span class='ocrx_word' id='word_1_109' title='bbox 463 1092 570 1143; x_wconf 85' lang='lat'><strong>869.</strong></span> <span class='ocrx_word' id='word_1_110' title='bbox 609 1090 676 1133; x_wconf 87' lang='lat' dir='ltr'>sed</span> <span class='ocrx_word' id='word_1_111' title='bbox 701 1093 752 1133; x_wconf 88' lang='lat' dir='ltr'>de</span> <span class='ocrx_word' id='word_1_112' title='bbox 782 1094 875 1132; x_wconf 84' lang='lat' dir='ltr'>vivis</span> <span class='ocrx_word' id='word_1_113' title='bbox 906 1092 1186 1143; x_wconf 78' lang='lat' dir='ltr'>tacet.Qu1d</span> <span class='ocrx_word' id='word_1_114' title='bbox 1206 1092 1311 1144; x_wconf 88' lang='lat' dir='ltr'>quod</span> <span class='ocrx_word' id='word_1_115' title='bbox 1338 1105 1390 1131; x_wconf 91' lang='lat' dir='ltr'>ne</span> 
     </span>
     <span class='ocr_line' id='line_1_15' title="bbox 135 1145 1392 1214; baseline -0.001 -14"><span class='ocrx_word' id='word_1_116' title='bbox 135 1154 300 1202; x_wconf 75' lang='lat' dir='ltr'>„sermo</span> <span class='ocrx_word' id='word_1_117' title='bbox 327 1160 489 1212; x_wconf 87' lang='lat' dir='ltr'>quidem</span> <span class='ocrx_word' id='word_1_118' title='bbox 522 1159 596 1200; x_wconf 87' lang='lat' dir='ltr'>hoc</span> <span class='ocrx_word' id='word_1_119' title='bbox 626 1161 711 1200; x_wconf 84' lang='lat' dir='ltr'>loco</span> <span class='ocrx_word' id='word_1_120' title='bbox 739 1159 795 1199; x_wconf 86' lang='lat' dir='ltr'>est</span> <span class='ocrx_word' id='word_1_121' title='bbox 821 1161 871 1199; x_wconf 90' lang='lat' dir='ltr'>de</span> <span class='ocrx_word' id='word_1_122' title='bbox 901 1145 1074 1214; x_wconf 83' lang='lat' dir='ltr'>imagine</span> <span class='ocrx_word' id='word_1_123' title='bbox 1091 1156 1245 1211; x_wconf 78' lang='lat' dir='ltr'>Crispi?</span> <span class='ocrx_word' id='word_1_124' title='bbox 1312 1159 1392 1199; x_wconf 87' lang='lat' dir='ltr'>Sed</span> 
     </span>
     <span class='ocr_line' id='line_1_16' title="bbox 137 1222 1392 1281; baseline 0 -17"><span class='ocrx_word' id='word_1_125' title='bbox 137 1225 279 1268; x_wconf 78' lang='lat' dir='ltr'>„vivus</span> <span class='ocrx_word' id='word_1_126' title='bbox 306 1226 391 1266; x_wconf 81' lang='lat' dir='ltr'>erat</span> <span class='ocrx_word' id='word_1_127' title='bbox 418 1226 546 1267; x_wconf 85' lang='lat' dir='ltr'>adhue</span> <span class='ocrx_word' id='word_1_128' title='bbox 579 1237 621 1267; x_wconf 85' lang='lat' dir='ltr'>et</span> <span class='ocrx_word' id='word_1_129' title='bbox 650 1226 836 1267; x_wconf 80' lang='lat' dir='ltr'>fortunae</span> <span class='ocrx_word' id='word_1_130' title='bbox 859 1226 1002 1281; x_wconf 84' lang='lat' dir='ltr'>gradus</span> <span class='ocrx_word' id='word_1_131' title='bbox 1030 1227 1188 1266; x_wconf 84' lang='lat' dir='ltr'>altiores</span> <span class='ocrx_word' id='word_1_132' title='bbox 1208 1222 1392 1265; x_wconf 81' lang='lat' dir='ltr'>conscen-</span> 
     </span>
     <span class='ocr_line' id='line_1_17' title="bbox 135 1291 1393 1348; baseline -0.002 -12.976"><span class='ocrx_word' id='word_1_133' title='bbox 135 1291 269 1335; x_wconf 71' lang='grc' dir='ltr'>»εἰει-ε</span> <span class='ocrx_word' id='word_1_134' title='bbox 291 1293 488 1348; x_wconf 77' lang='lat' dir='ltr'>cogitabat</span> <span class='ocrx_word' id='word_1_135' title='bbox 507 1292 644 1334; x_wconf 78' lang='lat' dir='ltr'>favore</span> <span class='ocrx_word' id='word_1_136' title='bbox 662 1294 828 1334; x_wconf 79' lang='lat' dir='ltr'>Tiberii.</span> <span class='ocrx_word' id='word_1_137' title='bbox 838 1301 939 1323; x_wconf 74' lang='grc'>“--</span> <span class='ocrx_word' id='word_1_138' title='bbox 973 1295 1021 1334; x_wconf 92' lang='lat' dir='ltr'>V.</span> <span class='ocrx_word' id='word_1_139' title='bbox 1041 1303 1056 1333; x_wconf 85' lang='lat'>1</span> <span class='ocrx_word' id='word_1_140' title='bbox 1078 1314 1108 1322; x_wconf 89' lang='lat'><em>-</em></span> <span class='ocrx_word' id='word_1_141' title='bbox 1130 1304 1174 1344; x_wconf 88' lang='lat'>4.</span> <span class='ocrx_word' id='word_1_142' title='bbox 1202 1296 1237 1333; x_wconf 88' lang='grc' dir='ltr'>Τ</span> <span class='ocrx_word' id='word_1_143' title='bbox 1241 1307 1302 1332; x_wconf 77' lang='lat' dir='ltr'>am</span> <span class='ocrx_word' id='word_1_144' title='bbox 1327 1292 1393 1333; x_wconf 86' lang='lat' dir='ltr'>be·</span> 
     </span>
     <span class='ocr_line' id='line_1_18' title="bbox 137 1358 1391 1421; baseline 0.001 -23"><span class='ocrx_word' id='word_1_145' title='bbox 137 1358 285 1421; x_wconf 80' lang='lat' dir='ltr'>nignus</span> <span class='ocrx_word' id='word_1_146' title='bbox 316 1370 407 1400; x_wconf 88' lang='lat' dir='ltr'>tuus</span> <span class='ocrx_word' id='word_1_147' title='bbox 438 1372 479 1400; x_wconf 92' lang='lat' dir='ltr'>et</span> <span class='ocrx_word' id='word_1_148' title='bbox 510 1362 557 1401; x_wconf 88' lang='lat' dir='ltr'>ad</span> <span class='ocrx_word' id='word_1_149' title='bbox 587 1362 778 1401; x_wconf 80' lang='lat' dir='ltr'>auxilium</span> <span class='ocrx_word' id='word_1_150' title='bbox 801 1360 1013 1401; x_wconf 81' lang='lat' dir='ltr'>ferendum</span> <span class='ocrx_word' id='word_1_151' title='bbox 1039 1373 1215 1414; x_wconf 85' lang='lat' dir='ltr'>promtus</span> <span class='ocrx_word' id='word_1_152' title='bbox 1237 1361 1391 1399; x_wconf 82' lang='lat' dir='ltr'>animus</span> 
     </span>
     <span class='ocr_line' id='line_1_19' title="bbox 136 1410 1391 1483; baseline 0.002 -19"><span class='ocrx_word' id='word_1_153' title='bbox 136 1410 273 1466; x_wconf 66' lang='lat' dir='ltr'>multis</span> <span class='ocrx_word' id='word_1_154' title='bbox 291 1424 482 1468; x_wconf 84' lang='lat' dir='ltr'>fortunae</span> <span class='ocrx_word' id='word_1_155' title='bbox 507 1429 627 1481; x_wconf 87' lang='lat' dir='ltr'>copiis</span> <span class='ocrx_word' id='word_1_156' title='bbox 650 1429 820 1483; x_wconf 80' lang='lat' dir='ltr'>indiget,</span> <span class='ocrx_word' id='word_1_157' title='bbox 852 1439 896 1468; x_wconf 90' lang='lat' dir='ltr'>ut</span> <span class='ocrx_word' id='word_1_158' title='bbox 917 1429 1143 1483; x_wconf 86' lang='lat' dir='ltr'>ingenitum</span> <span class='ocrx_word' id='word_1_159' title='bbox 1165 1427 1265 1467; x_wconf 86' lang='lat' dir='ltr'>illud</span> <span class='ocrx_word' id='word_1_160' title='bbox 1287 1426 1391 1466; x_wconf 87' lang='lat' dir='ltr'>bene</span> 
     </span>
     <span class='ocr_line' id='line_1_20' title="bbox 134 1489 1392 1548; baseline 0.002 -17"><span class='ocrx_word' id='word_1_161' title='bbox 134 1489 307 1533; x_wconf 81' lang='lat' dir='ltr'>faciendi</span> <span class='ocrx_word' id='word_1_162' title='bbox 335 1493 573 1535; x_wconf 80' lang='lat' dir='ltr'>defiderium</span> <span class='ocrx_word' id='word_1_163' title='bbox 605 1497 766 1548; x_wconf 83' lang='lat' dir='ltr'>explere</span> <span class='ocrx_word' id='word_1_164' title='bbox 786 1495 912 1548; x_wconf 78' lang='lat' dir='ltr'>poffis,</span> <span class='ocrx_word' id='word_1_165' title='bbox 934 1516 996 1527; x_wconf 89' lang='lat'>--</span> <span class='ocrx_word' id='word_1_166' title='bbox 1030 1497 1079 1535; x_wconf 89' lang='lat' dir='ltr'>V.</span> <span class='ocrx_word' id='word_1_167' title='bbox 1101 1505 1144 1546; x_wconf 88' lang='lat'><strong>4.</strong></span> <span class='ocrx_word' id='word_1_168' title='bbox 1162 1501 1294 1541; x_wconf 66' lang='grc' dir='ltr'><em>μυρίων.</em></span> <span class='ocrx_word' id='word_1_169' title='bbox 1323 1495 1392 1534; x_wconf 75' lang='lat' dir='ltr'>Al·</span> 
     </span>
     <span class='ocr_line' id='line_1_21' title="bbox 135 1559 1395 1611; baseline 0 -12"><span class='ocrx_word' id='word_1_170' title='bbox 135 1559 254 1600; x_wconf 85' lang='lat' dir='ltr'>dinae</span> <span class='ocrx_word' id='word_1_171' title='bbox 274 1573 412 1602; x_wconf 85' lang='lat' dir='ltr'>omnes</span> <span class='ocrx_word' id='word_1_172' title='bbox 433 1573 475 1603; x_wconf 88' lang='lat' dir='ltr'>et</span> <span class='ocrx_word' id='word_1_173' title='bbox 494 1559 579 1604; x_wconf 87' lang='lat' dir='ltr'><strong>Asc.</strong></span> <span class='ocrx_word' id='word_1_174' title='bbox 626 1570 741 1611; x_wconf 64' lang='grc' dir='ltr'>μύρων</span> <span class='ocrx_word' id='word_1_175' title='bbox 763 1577 845 1602; x_wconf 89' lang='lat' dir='ltr'>non</span> <span class='ocrx_word' id='word_1_176' title='bbox 874 1562 926 1602; x_wconf 84' lang='lat' dir='ltr'>de</span> <span class='ocrx_word' id='word_1_177' title='bbox 947 1562 1205 1601; x_wconf 74' lang='lat' dir='ltr'>multitudine</span> <span class='ocrx_word' id='word_1_178' title='bbox 1224 1572 1395 1611; x_wconf 83' lang='lat' dir='ltr'>tantum,</span> 
     </span>
     <span class='ocr_line' id='line_1_22' title="bbox 135 1623 1393 1684; baseline -0.001 -18"><span class='ocrx_word' id='word_1_179' title='bbox 135 1623 204 1666; x_wconf 83' lang='lat' dir='ltr'>sed</span> <span class='ocrx_word' id='word_1_180' title='bbox 244 1625 480 1681; x_wconf 85' lang='lat' dir='ltr'>frequenter</span> <span class='ocrx_word' id='word_1_181' title='bbox 522 1631 644 1670; x_wconf 89' lang='lat' dir='ltr'>etiam</span> <span class='ocrx_word' id='word_1_182' title='bbox 677 1631 731 1670; x_wconf 87' lang='lat' dir='ltr'>de</span> <span class='ocrx_word' id='word_1_183' title='bbox 770 1630 1048 1684; x_wconf 83' lang='lat' dir='ltr'>magnitudine</span> <span class='ocrx_word' id='word_1_184' title='bbox 1081 1630 1235 1669; x_wconf 78' lang='lat' dir='ltr'>dicitur.</span> <span class='ocrx_word' id='word_1_185' title='bbox 1281 1635 1393 1676; x_wconf 61' lang='grc' dir='ltr'>μύριοις</span> 
     </span>
     <span class='ocr_line' id='line_1_23' title="bbox 134 1693 1396 1751; baseline 0.002 -19"><span class='ocrx_word' id='word_1_186' title='bbox 134 1698 290 1746; x_wconf 62' lang='grc' dir='ltr'>μόχθος,</span> <span class='ocrx_word' id='word_1_187' title='bbox 329 1702 442 1744; x_wconf 64' lang='grc' dir='ltr'><strong><em>μόριον</em></strong></span> <span class='ocrx_word' id='word_1_188' title='bbox 478 1700 593 1746; x_wconf 79' lang='grc' dir='ltr'><strong><em>κῦδος,</em></strong></span> <span class='ocrx_word' id='word_1_189' title='bbox 625 1704 739 1744; x_wconf 71' lang='grc' dir='ltr'><strong><em>μόριον</em></strong></span> <span class='ocrx_word' id='word_1_190' title='bbox 770 1693 878 1744; x_wconf 74' lang='grc' dir='ltr'><em>σ’ἷλγσς</em></span> <span class='ocrx_word' id='word_1_191' title='bbox 909 1697 1042 1750; x_wconf 82' lang='lat' dir='ltr'>paffim</span> <span class='ocrx_word' id='word_1_192' title='bbox 1077 1697 1120 1735; x_wconf 81' lang='lat' dir='ltr'>in</span> <span class='ocrx_word' id='word_1_193' title='bbox 1150 1694 1396 1751; x_wconf 76' lang='lat' dir='ltr'>Anthologia</span> 
     </span>
     <span class='ocr_line' id='line_1_24' title="bbox 136 1759 1393 1815; baseline -0.003 -11"><span class='ocrx_word' id='word_1_194' title='bbox 136 1759 263 1801; x_wconf 82' lang='lat' dir='ltr'>obvia·</span> <span class='ocrx_word' id='word_1_195' title='bbox 293 1779 351 1791; x_wconf 73' lang='lat'>—-</span> <span class='ocrx_word' id='word_1_196' title='bbox 383 1765 432 1804; x_wconf 91' lang='lat' dir='ltr'><strong>V.</strong></span> <span class='ocrx_word' id='word_1_197' title='bbox 454 1773 494 1815; x_wconf 80' lang='grc' dir='ltr'>ς.</span> <span class='ocrx_word' id='word_1_198' title='bbox 520 1773 676 1813; x_wconf 66' lang='grc' dir='ltr'>κρέσσων.</span> <span class='ocrx_word' id='word_1_199' title='bbox 712 1762 853 1805; x_wconf 80' lang='lat' dir='ltr'>Caesar</span> <span class='ocrx_word' id='word_1_200' title='bbox 874 1766 1048 1804; x_wconf 88' lang='lat' dir='ltr'>Fortuna</span> <span class='ocrx_word' id='word_1_201' title='bbox 1065 1763 1267 1815; x_wconf 80' lang='lat' dir='ltr'>potentior</span> <span class='ocrx_word' id='word_1_202' title='bbox 1290 1774 1330 1801; x_wconf 75' lang='lat' dir='ltr'>te</span> <span class='ocrx_word' id='word_1_203' title='bbox 1351 1763 1393 1801; x_wconf 88' lang='lat' dir='ltr'>in</span> 
     </span>
     <span class='ocr_line' id='line_1_25' title="bbox 136 1828 1393 1887; baseline 0 -20"><span class='ocrx_word' id='word_1_204' title='bbox 136 1828 279 1868; x_wconf 81' lang='lat' dir='ltr'>altiore</span> <span class='ocrx_word' id='word_1_205' title='bbox 304 1828 466 1871; x_wconf 81' lang='lat' dir='ltr'>honoris</span> <span class='ocrx_word' id='word_1_206' title='bbox 489 1831 615 1887; x_wconf 82' lang='lat' dir='ltr'>gradu</span> <span class='ocrx_word' id='word_1_207' title='bbox 646 1832 824 1873; x_wconf 83' lang='lat' dir='ltr'>collocet.</span> <span class='ocrx_word' id='word_1_208' title='bbox 866 1833 966 1870; x_wconf 83' lang='lat' dir='ltr'>Nam</span> <span class='ocrx_word' id='word_1_209' title='bbox 990 1844 1093 1884; x_wconf 84' lang='lat' dir='ltr'>quae</span> <span class='ocrx_word' id='word_1_210' title='bbox 1112 1833 1297 1877; x_wconf 82' lang='lat' dir='ltr'>Fortuna,</span> <span class='ocrx_word' id='word_1_211' title='bbox 1322 1828 1393 1868; x_wconf 60' lang='lat' dir='ltr'>niti</span> 
     </span>
     <span class='ocr_line' id='line_1_26' title="bbox 137 1893 1394 1950; baseline -0.001 -16"><span class='ocrx_word' id='word_1_212' title='bbox 137 1894 188 1935; x_wconf 90' lang='lat' dir='ltr'>ab</span> <span class='ocrx_word' id='word_1_213' title='bbox 212 1893 294 1948; x_wconf 85' lang='lat' dir='ltr'>ipso</span> <span class='ocrx_word' id='word_1_214' title='bbox 315 1897 504 1950; x_wconf 59' lang='lat' dir='ltr'>profefi&#39;ia,</span> <span class='ocrx_word' id='word_1_215' title='bbox 526 1896 612 1939; x_wconf 87' lang='lat' dir='ltr'>satis</span> <span class='ocrx_word' id='word_1_216' title='bbox 633 1898 747 1939; x_wconf 63' lang='lat' dir='ltr'>firma</span> <span class='ocrx_word' id='word_1_217' title='bbox 770 1898 894 1938; x_wconf 85' lang='lat' dir='ltr'>videri</span> <span class='ocrx_word' id='word_1_218' title='bbox 922 1897 1061 1950; x_wconf 79' lang='lat' dir='ltr'>poffit?</span> <span class='ocrx_word' id='word_1_219' title='bbox 1105 1897 1168 1937; x_wconf 89' lang='lat' dir='ltr'>Sic</span> <span class='ocrx_word' id='word_1_220' title='bbox 1190 1895 1275 1936; x_wconf 78' lang='lat' dir='ltr'>fere</span> <span class='ocrx_word' id='word_1_221' title='bbox 1295 1894 1394 1943; x_wconf 69' lang='grc' dir='ltr'><em>ἔρηςε</em></span> 
     </span>
     <span class='ocr_line' id='line_1_27' title="bbox 135 1962 1398 2020; baseline 0.003 -18"><span class='ocrx_word' id='word_1_222' title='bbox 135 1964 324 2015; x_wconf 81' lang='lat' dir='ltr'>explicari</span> <span class='ocrx_word' id='word_1_223' title='bbox 350 1965 496 2017; x_wconf 74' lang='lat' dir='ltr'>malim,</span> <span class='ocrx_word' id='word_1_224' title='bbox 522 1980 640 2019; x_wconf 88' lang='lat' dir='ltr'>quam</span> <span class='ocrx_word' id='word_1_225' title='bbox 660 1965 821 2019; x_wconf 78' lang='lat' dir='ltr'>placuit.</span> <span class='ocrx_word' id='word_1_226' title='bbox 879 1965 1039 2020; x_wconf 65' lang='lat' dir='ltr'><strong>Hesych.</strong></span> <span class='ocrx_word' id='word_1_227' title='bbox 1063 1962 1218 2013; x_wconf 68' lang='grc' dir='ltr'>Ἀρηςιν.</span> <span class='ocrx_word' id='word_1_228' title='bbox 1254 1970 1398 2011; x_wconf 62' lang='grc' dir='ltr'>ἰσχυρῶς</span> 
     </span>
     <span class='ocr_line' id='line_1_28' title="bbox 137 2028 931 2082; baseline 0.004 -14"><span class='ocrx_word' id='word_1_229' title='bbox 137 2028 314 2077; x_wconf 50' lang='lat' dir='ltr'>siemera.</span> <span class='ocrx_word' id='word_1_230' title='bbox 347 2031 497 2080; x_wconf 66' lang='grc' dir='ltr'>Ἀρηςὸς.</span> <span class='ocrx_word' id='word_1_231' title='bbox 537 2040 686 2082; x_wconf 58' lang='grc' dir='ltr'>ἰσχυρῶς</span> <span class='ocrx_word' id='word_1_232' title='bbox 714 2039 931 2081; x_wconf 62' lang='grc' dir='ltr'><strong><em>ἡρμοσμένον.</em></strong></span> 
     </span>
    </p>

    <p class='ocr_par' dir='ltr' id='par_1_4' title="bbox 131 2093 1399 2556">
     <span class='ocr_line' id='line_1_29' title="bbox 234 2093 1399 2158; baseline 0.001 -21"><span class='ocrx_word' id='word_1_233' title='bbox 234 2101 280 2144; x_wconf 70' lang='grc'>11.</span> <span class='ocrx_word' id='word_1_234' title='bbox 306 2093 432 2158; x_wconf 82' lang='lat'><strong>145.]</strong></span> <span class='ocrx_word' id='word_1_235' title='bbox 466 2100 620 2141; x_wconf 87' lang='lat' dir='ltr'><strong>XVIII.</strong></span> <span class='ocrx_word' id='word_1_236' title='bbox 655 2100 784 2143; x_wconf 85' lang='lat' dir='ltr'><strong>Anth.</strong></span> <span class='ocrx_word' id='word_1_237' title='bbox 803 2100 911 2140; x_wconf 85' lang='lat' dir='ltr'><strong>Plan.</strong></span> <span class='ocrx_word' id='word_1_238' title='bbox 933 2112 970 2150; x_wconf 90' lang='lat' dir='ltr'>p.</span> <span class='ocrx_word' id='word_1_239' title='bbox 992 2107 1101 2151; x_wconf 91' lang='lat'><strong>297.</strong></span> <span class='ocrx_word' id='word_1_240' title='bbox 1114 2100 1170 2140; x_wconf 85' lang='lat' dir='ltr'><strong>St.</strong></span> <span class='ocrx_word' id='word_1_241' title='bbox 1198 2099 1307 2148; x_wconf 86' lang='lat'><strong>436.</strong></span> <span class='ocrx_word' id='word_1_242' title='bbox 1332 2099 1399 2138; x_wconf 82' lang='lat' dir='ltr'><strong>W.</strong></span> 
     </span>
     <span class='ocr_line' id='line_1_30' title="bbox 139 2163 1397 2218; baseline 0 -13"><span class='ocrx_word' id='word_1_243' title='bbox 139 2164 311 2213; x_wconf 76' lang='lat' dir='ltr'>statuae,</span> <span class='ocrx_word' id='word_1_244' title='bbox 350 2166 392 2206; x_wconf 90' lang='lat' dir='ltr'>in</span> <span class='ocrx_word' id='word_1_245' title='bbox 428 2168 617 2208; x_wconf 82' lang='lat' dir='ltr'>lemmate</span> <span class='ocrx_word' id='word_1_246' title='bbox 649 2178 1002 2217; x_wconf 86' lang='lat' dir='ltr'>commemoratae,</span> <span class='ocrx_word' id='word_1_247' title='bbox 1034 2167 1076 2206; x_wconf 87' lang='lat' dir='ltr'>in</span> <span class='ocrx_word' id='word_1_248' title='bbox 1107 2163 1188 2218; x_wconf 79' lang='lat' dir='ltr'>ipso</span> <span class='ocrx_word' id='word_1_249' title='bbox 1222 2166 1397 2206; x_wconf 86' lang='lat' dir='ltr'>carmine</span> 
     </span>
     <span class='ocr_line' id='line_1_31' title="bbox 139 2230 1395 2290; baseline -0.002 -18"><span class='ocrx_word' id='word_1_250' title='bbox 139 2230 313 2273; x_wconf 80' lang='lat' dir='ltr'>nulla-fit</span> <span class='ocrx_word' id='word_1_251' title='bbox 333 2235 499 2274; x_wconf 84' lang='lat' dir='ltr'>mentio.</span> <span class='ocrx_word' id='word_1_252' title='bbox 550 2235 695 2290; x_wconf 83' lang='lat' dir='ltr'>Agitur</span> <span class='ocrx_word' id='word_1_253' title='bbox 726 2234 777 2274; x_wconf 92' lang='lat' dir='ltr'>de</span> <span class='ocrx_word' id='word_1_254' title='bbox 799 2233 955 2274; x_wconf 88' lang='lat' dir='ltr'>Tiberii</span> <span class='ocrx_word' id='word_1_255' title='bbox 987 2234 1156 2272; x_wconf 81' lang='lat' dir='ltr'>Neronis</span> <span class='ocrx_word' id='word_1_256' title='bbox 1176 2233 1395 2283; x_wconf 82' lang='lat' dir='ltr'>expeditio-</span> 
     </span>
     <span class='ocr_line' id='line_1_32' title="bbox 139 2297 1396 2352; baseline -0.001 -14"><span class='ocrx_word' id='word_1_257' title='bbox 139 2297 259 2339; x_wconf 83' lang='lat' dir='ltr'>nibus</span> <span class='ocrx_word' id='word_1_258' title='bbox 284 2299 329 2340; x_wconf 90' lang='lat' dir='ltr'>in</span> <span class='ocrx_word' id='word_1_259' title='bbox 357 2299 486 2342; x_wconf 79' lang='lat' dir='ltr'>Afiam</span> <span class='ocrx_word' id='word_1_260' title='bbox 517 2312 559 2341; x_wconf 86' lang='lat' dir='ltr'>et</span> <span class='ocrx_word' id='word_1_261' title='bbox 593 2303 863 2342; x_wconf 83' lang='lat' dir='ltr'>Germaniam.</span> <span class='ocrx_word' id='word_1_262' title='bbox 910 2298 1050 2340; x_wconf 80' lang='lat' dir='ltr'>Missus</span> <span class='ocrx_word' id='word_1_263' title='bbox 1069 2299 1124 2339; x_wconf 88' lang='lat' dir='ltr'>est</span> <span class='ocrx_word' id='word_1_264' title='bbox 1145 2298 1193 2338; x_wconf 86' lang='lat' dir='ltr'>ab</span> <span class='ocrx_word' id='word_1_265' title='bbox 1214 2298 1396 2352; x_wconf 83' lang='lat' dir='ltr'>Augusto</span> 
     </span>
     <span class='ocr_line' id='line_1_33' title="bbox 138 2364 1397 2424; baseline 0 -19"><span class='ocrx_word' id='word_1_266' title='bbox 138 2365 183 2405; x_wconf 90' lang='lat' dir='ltr'>in</span> <span class='ocrx_word' id='word_1_267' title='bbox 203 2367 458 2418; x_wconf 74' lang='lat' dir='ltr'>Armeniam,</span> <span class='ocrx_word' id='word_1_268' title='bbox 491 2378 536 2408; x_wconf 93' lang='lat' dir='ltr'>ut</span> <span class='ocrx_word' id='word_1_269' title='bbox 556 2370 776 2424; x_wconf 86' lang='lat' dir='ltr'>Tigranem</span> <span class='ocrx_word' id='word_1_270' title='bbox 808 2364 1041 2417; x_wconf 79' lang='lat' dir='ltr'>(secundum</span> <span class='ocrx_word' id='word_1_271' title='bbox 1071 2367 1289 2406; x_wconf 80' lang='lat' dir='ltr'>Suetonium</span> <span class='ocrx_word' id='word_1_272' title='bbox 1315 2366 1397 2406; x_wconf 88' lang='lat' dir='ltr'>Vit.</span> 
     </span>
     <span class='ocr_line' id='line_1_34' title="bbox 138 2431 1395 2489; baseline 0.001 -17"><span class='ocrx_word' id='word_1_273' title='bbox 138 2431 232 2472; x_wconf 82' lang='lat' dir='ltr'>Tib.</span> <span class='ocrx_word' id='word_1_274' title='bbox 244 2446 276 2473; x_wconf 87' lang='lat' dir='ltr'><strong>c.</strong></span> <span class='ocrx_word' id='word_1_275' title='bbox 292 2437 357 2474; x_wconf 86' lang='grc' dir='ltr'>ΙΧ.</span> <span class='ocrx_word' id='word_1_276' title='bbox 382 2445 424 2476; x_wconf 89' lang='lat' dir='ltr'>et</span> <span class='ocrx_word' id='word_1_277' title='bbox 442 2436 550 2487; x_wconf 86' lang='lat' dir='ltr'>alios,</span> <span class='ocrx_word' id='word_1_278' title='bbox 573 2449 672 2489; x_wconf 91' lang='lat' dir='ltr'>quos</span> <span class='ocrx_word' id='word_1_279' title='bbox 691 2436 781 2475; x_wconf 89' lang='lat' dir='ltr'>vide</span> <span class='ocrx_word' id='word_1_280' title='bbox 802 2435 849 2474; x_wconf 85' lang='lat' dir='ltr'>ad</span> <span class='ocrx_word' id='word_1_281' title='bbox 871 2435 995 2474; x_wconf 82' lang='lat' dir='ltr'>Dion.</span> <span class='ocrx_word' id='word_1_282' title='bbox 1009 2432 1103 2485; x_wconf 81' lang='lat' dir='ltr'>Caffi</span> <span class='ocrx_word' id='word_1_283' title='bbox 1114 2436 1165 2474; x_wconf 84' lang='lat' dir='ltr'>T.</span> <span class='ocrx_word' id='word_1_284' title='bbox 1180 2434 1212 2475; x_wconf 86' lang='lat'><strong>1.</strong></span> <span class='ocrx_word' id='word_1_285' title='bbox 1230 2446 1268 2484; x_wconf 89' lang='lat' dir='ltr'>p.</span> <span class='ocrx_word' id='word_1_286' title='bbox 1282 2435 1395 2480; x_wconf 87' lang='lat'><strong>738.</strong></span> 
     </span>
     <span class='ocr_line' id='line_1_35' title="bbox 131 2498 1397 2556; baseline -0.002 -16"><span class='ocrx_word' id='word_1_287' title='bbox 131 2509 182 2540; x_wconf 74' lang='lat' dir='ltr'>aet</span> <span class='ocrx_word' id='word_1_288' title='bbox 206 2499 329 2554; x_wconf 73' lang='lat' dir='ltr'>Vellej.</span> <span class='ocrx_word' id='word_1_289' title='bbox 350 2503 392 2542; x_wconf 85' lang='lat' dir='ltr'>L.</span> <span class='ocrx_word' id='word_1_290' title='bbox 411 2503 464 2544; x_wconf 83' lang='lat'><strong>11.</strong></span> <span class='ocrx_word' id='word_1_291' title='bbox 486 2516 519 2543; x_wconf 89' lang='lat' dir='ltr'>c.</span> <span class='ocrx_word' id='word_1_292' title='bbox 545 2503 645 2555; x_wconf 82' lang='lat'><strong>94.)</strong></span> <span class='ocrx_word' id='word_1_293' title='bbox 676 2502 720 2543; x_wconf 88' lang='lat' dir='ltr'>in</span> <span class='ocrx_word' id='word_1_294' title='bbox 752 2515 923 2556; x_wconf 87' lang='lat' dir='ltr'>regnum</span> <span class='ocrx_word' id='word_1_295' title='bbox 955 2499 1190 2540; x_wconf 84' lang='lat' dir='ltr'>restitueret.</span> <span class='ocrx_word' id='word_1_296' title='bbox 1240 2498 1397 2550; x_wconf 58' lang='lat' dir='ltr'>Velltjus</span> 
     </span>
    </p>
   </div>
   <div class='ocr_carea' id='block_1_3' title="bbox 67 2561 1399 2621">
    <p class='ocr_par' dir='ltr' id='par_1_5' title="bbox 67 2561 1399 2621">
     <span class='ocr_line' id='line_1_36' title="bbox 67 2561 1399 2621; baseline -0.002 -14"><span class='ocrx_word' id='word_1_297' title='bbox 67 2588 69 2590; x_wconf 97' lang='lat'>·</span> <span class='ocrx_word' id='word_1_298' title='bbox 137 2561 242 2608; x_wconf 79' lang='lat' dir='ltr'>solus</span> <span class='ocrx_word' id='word_1_299' title='bbox 259 2569 483 2612; x_wconf 77' lang='lat' dir='ltr'>Artavasdis</span> <span class='ocrx_word' id='word_1_300' title='bbox 511 2567 624 2611; x_wconf 85' lang='lat' dir='ltr'>causa</span> <span class='ocrx_word' id='word_1_301' title='bbox 651 2569 726 2611; x_wconf 84' lang='lat' dir='ltr'>hoc</span> <span class='ocrx_word' id='word_1_302' title='bbox 753 2568 907 2608; x_wconf 90' lang='lat' dir='ltr'>bellum</span> <span class='ocrx_word' id='word_1_303' title='bbox 933 2564 1158 2621; x_wconf 82' lang='lat' dir='ltr'>susceptum</span> <span class='ocrx_word' id='word_1_304' title='bbox 1180 2562 1260 2607; x_wconf 81' lang='lat' dir='ltr'>effe</span> <span class='ocrx_word' id='word_1_305' title='bbox 1282 2565 1399 2605; x_wconf 78' lang='lat' dir='ltr'>tradi·</span> 
     </span>
    </p>
   </div>
   <div class='ocr_carea' id='block_1_4' title="bbox 778 2634 908 2684">
    <p class='ocr_par' dir='ltr' id='par_1_6' title="bbox 778 2634 908 2684">
     <span class='ocr_line' id='line_1_37' title="bbox 778 2634 908 2684; baseline -0.023 -7"><span class='ocrx_word' id='word_1_306' title='bbox 778 2634 846 2677; x_wconf 86' lang='lat' dir='ltr'>Bb</span> <span class='ocrx_word' id='word_1_307' title='bbox 875 2642 908 2684; x_wconf 82' lang='grc' dir='ltr'>-ς</span> 
     </span>
    </p>
   </div>
  </div>
 </body>
</html>
