1598 2866
103 170 459 226 nand-136.
537 181 1046 214 EPIGRAMMA-rit.
1287 159 1403 224 363‘

114 295 198 341 effe
222 296 386 356 domurn
418 293 505 347 post
524 293 681 334 Tiberii
704 292 979 348 adoptionem,
1015 292 1142 335 tribus
1160 295 1274 336 annis
1296 294 1382 349 post
1421 316 1425 320 ¹

116 362 219 417 illud
244 367 493 417 portentum.
543 363 643 402 Nam
667 375 748 414 quo
777 373 960 415 tempore
983 361 1112 403 Rhodi
1139 359 1383 415 versabatur,

118 432 225 484 Caio
243 440 287 479 et
303 430 424 470 Lucio
450 428 579 469 adhuc
608 429 844 481 viventibus,
870 429 981 470 nulla
1007 428 1135 468 futuri
1158 430 1274 484 regni
1293 427 1380 481 spes

115 487 208 540 fuit.
249 495 400 546 Postea,
422 497 540 536 rebus
560 497 793 547 immutatis,
817 497 886 536 illa
907 497 1039 549 aquila
1056 495 1238 535 futurum
1260 497 1382 537 Tibe-

117 566 177 606 riiv
203 564 401 605 honorem
430 561 676 616 portendiffe
710 562 934 606 videbatur.
994 563 1134 605 Simile
1167 565 1384 619 augurium

117 642 251 673 narrat
268 631 466 672 Plutarch.
488 634 539 672 T.
557 633 607 671 11.
628 644 667 682 p.
694 638 801 685 340.
825 630 874 671 C.

217 733 304 776 XV.
333 733 433 774 cod.
452 734 544 773 Vat.
567 748 605 786 p.
631 732 739 783 396.
773 734 882 774 Plan.
902 747 940 786 p.
965 742 1038 783 32.
1055 734 1114 773 St.
1131 736 1286 785 48‚W.
1321 736 1386 776 De

121 803 261 851 cervis,
283 801 365 855 qui,
401 814 489 840 cum
511 802 645 840 nivem
667 801 710 840 in
725 800 925 840 montibus
945 801 1148 840 colleRam
1168 800 1387 856 fugientes,

121 872 168 911 in
190 868 356 908 fluvium
377 864 667 908 descendifl'ent
681 900 690 918 ,
725 881 826 920 aqua
846 865 975 907 subito
996 867 1148 923 frigore
1169 868 1386 920 constrifla,

124 936 252 992 glacie
270 946 461 988 tanquam
490 935 749 986 compedibus
768 936 870 987 capti
899 931 1002 974 sunt.
1022 956 1088 963 -—
1117 938 1164 975 V.
1193 947 1233 987 3.
1255 941 1391 984 ὶφᾶςμι-

123 1004 189 1044 &aaa
208 1006 318 1042 ἐλπίδι
339 1005 487 1052 φροῦδοι.
511 1004 600 1043 Vat.
627 1001 727 1043 cod.
750 1003 859 1053 cujus
884 1002 1062 1042 leffionis
1082 1002 1200 1042 dustu
1214 1003 1387 1053 Pierson.

123 1071 175 1111 ad
196 1071 326 1111 Moer.
359 1084 396 1122 p.
422 1073 526 1120 383.
567 1069 740 1109 correxit
778 1073 890 1107 ἐλπίσι
922 1074 1096 1120 egestam,
1144 1082 1234 1108 cum
1268 1071 1390 1125 vulgo

123 1141 291 1186 χρησταῖς
321 1137 489 1190 legatur.
527 1135 597 1189 Spe
615 1139 737 1176 irrita
759 1135 810 1175 ad
827 1134 998 1187 fluvium
1024 1149 1220 1178 venerunt,
1259 1141 1392 1180 ἐλπίδες

125 1207 276 1254 φροῦδοᾳ.
310 1203 450 1256 Eurip.
471 1206 556 1243 Ion.
581 1203 763 1248 366.-—
795 1199 920 1243 Versu
939 1199 1049 1255 sequ.
1073 1205 1193 1258 vulgo
1211 1201 1387 1250 ἄσθμασιν

122 1273 299 1327 legitur;
327 1271 371 1310 in
400 1272 492 1310 Vat.
522 1269 625 1311 Cod.
655 1267 816 1317 ἅθμαισιν.
878 1272 964 1310 Hoc
986 1272 1029 1310 in
1059 1277 1201 1319 νάμασιν
1225 1273 1394 1311 mutavit

123 1335 370 1379 Ruhnkenius
404 1352 464 1389 ap.
485 1335 723 1387 Piersbnum.
775 1337 839 1378 Ad
862 1338 1028 1377 fluvium
1052 1339 1155 1378 cervi
1184 1350 1391 1390 venerant,

124 1416 173 1445 ut
202 1404 363 1457 liquidis
393 1406 504 1457 aquis
534 1418 668 1459 genua
685 1403 883 1445 foverent.
936 1403 1047 1444 Nihil
1069 1415 1202 1445 tamen
1224 1407 1307 1446 vitii
1328 1406 1392 1448 hie

87 1471 89 1473 ’
125 1468 338 1523 suspicatus
367 1471 423 1511 est
453 1471 643 1517 Grotius,
674 1473 743 1524 qui
767 1473 904 1512 vertit:
946 1471 1015 1525 Spe
1037 1471 1228 1523 subeunte
1254 1485 1392 1525 petunt

119 1537 287 1593 fluvios,
317 1538 451 1578 velocia
472 1552 585 1577 crura
615 1539 764 1578 Mitior
784 1552 828 1577 ut
841 1538 1010 1595 surgens
1029 1553 1127 1578 aura
1157 1541 1394 1592 tepqfhceret.

125 1609 204 1648 Pro
225 1619 316 1646 meo
334 1606 498 1659 quidem
524 1603 638 1645 sensu
657 1613 785 1653 νοτερὸν
807 1602 928 1666 {5945ae
957 1620 1038 1646 non
1061 1604 1186 1645 solum
1207 1608 1314 1646 idem
1339 1608 1396 1647 di-

129 1674 209 1724 cit,
257 1687 301 1722 ae
335 1671 550 1713 Ruhnkenii
590 1674 842 1723 emendatio,
894 1670 957 1713 scd
994 1674 1114 1713 etiam
1151 1673 1394 1727 exquifitiu-s.

127 1735 250 1786 ἆσθμα
278 1739 334 1781 est
360 1754 454 1780 aura
481 1753 531 1780 ex
553 1742 663 1793 aquis
688 1751 886 1780 commota
902 1772 913 1791 ,
948 1741 1011 1780 vel
1039 1742 1081 1780 in
1118 1743 1230 1794 aquis
1252 1742 1395 1792 latens,

129 1821 234 1861 quae
252 1809 382 1848 calore
403 1807 575 1860 quodam
594 1818 700 1847 artus
722 1807 830 1848 fovet
852 1818 893 1847 et
915 1818 1114 1860 penetrat.
1147 1811 1282 1862 Antip.
1306 1807 1392 1850 sid.-

131 1877 208 1927 ΕΡ.
230 1876 372 1916 LXIII.
406 1872 520 1922 ἤριπεν
536 1879 706 1923 ’ἐσχαρίου
727 1881 853 1924 λάβρον
884 1875 938 1914 ἐπ’
958 1870 1077 1921 ἆσθμα
1097 1883 1210 1923 πυρός.
1262 1876 1397 1930 Epigr.

131 1942 273 1983 inedit.
304 1950 471 1989 φυγόντες
505 1942 665 1990 ‹iz-westou
693 1949 789 1986 κυνὸς
819 1938 954 1990 ἆσθμα.
977 1963 1042 1970 -
1086 1945 1163 1983 Pro
1184 1951 1266 1991 ’γᾶνυ
1294 1943 1396 1986 Cod.

134 2010 229 2052 Vat.
252 2017 366 2058 γόνου.
386 2030 452 2038 --
487 2012 535 2050 V.
552 2009 593 2052 6.
619 2016 804 2058 χειμερίης.
834 2011 926 2050 Vat.
945 2009 1126 2057 Cod.-—-
1159 2011 1295 2050 Glacie
1316 2021 1399 2050 tan-

134 2090 255 2130 quam
273 2077 316 2116 in
334 2076 473 2129 pedica
493 2077 595 2130 capti
612 2074 716 2116 sunt.
729 2097 795 2105 —-
831 2079 880 2117 V.
895 2086 940 2127 7.
961 2077 1101 2117 Turba
1120 2077 1397 2133 agricolarum,

135 2157 227 2184 cum
246 2157 380 2184 cervos
399 2141 450 2184 {ic
469 2154 603 2198 captos
632 2142 830 2195 vidiffent,
867 2157 935 2184 eos
961 2142 1104 2184 occidit
1131 2145 1401 2198 praedamque

140 2209 225 2252 fine
248 2209 399 2251 retibus
430 2211 564 2252 ullove
586 2210 724 2251 labore
745 2208 893 2266 (ἀλίγον)
919 2221 1070 2265 partam
1093 2209 1315 2252 consumfit.
1335 2232 1402 2240 --

135 2277 187 2322 V.
210 2283 250 2326 8.
275 2283 438 2318 στάλικκ.
465 2280 555 2319 Vat.
579 2278 680 2319 cod.

159 2398 166 2426 t
235 2384 277 2423 11.
304 2376 430 2437 136.]
466 2380 577 2422 XVI.
611 2380 813 2423 vat-Cod.
835 2389 998 2432 p.405.
1034 2377 1407 2432 Planud.p·97.8t.

145 2447 325 2499 142.W.
378 2450 441 2488 De
460 2448 606 2502 Scylla,
639 2450 861 2498 minatore,
895 2448 966 2500 qui
996 2448 1096 2487 clam
1118 2460 1227 2486 mare
1249 2444 1408 2488 subiens

139 2512 351 2566 anchoras,
397 2515 541 2568 quibus
578 2512 786 2557 Persarum
826 2527 943 2555 naves
982 2514 1240 2564 nitebantur,
1274 2528 1410 2568 ampu-

143 2581 253 2623 tavit,
275 2603 330 2612 --
375 2583 424 2623 V.
453 2591 493 2628 1.
522 2589 713 2627 ”tuamq.
740 2583 871 2635 Hujus
890 2582 962 2622 viri
986 2593 1136 2622 nomen
1157 2581 1301 2633 triplici
1328 2596 1412 2623 mo·

1420 1344 1435 1365 G
