1598 2866
175 183 354 234 11.114.
572 177 1066 217 inanimamur-A.
1354 181 1447 226 303

187 313 253 346 tae
269 309 400 344 eraut.
456 299 628 350 Heynius
649 308 784 338 autem
810 298 884 339 Vir
909 297 954 338 cl.
977 298 1020 337 in
1053 296 1282 338 comment.
1313 298 1363 337 T.
1396 298 1449 338 X.

189 384 230 425 p.
257 368 365 412 116.
398 377 477 407 tres
509 367 594 406 illas
624 366 895 409 meretriculas
917 366 1067 404 Veneri
1097 365 1292 417 templum
1313 375 1354 404 et
1380 363 1453 404 sta·

191 447 316 488 tuam,
349 433 612 476 Aristomachi
637 446 749 484 opus,
781 432 966 472 dedicare
997 428 1142 472 censet.
1196 433 1299 471 Huic
1327 432 1452 471 inter·

191 502 408 556 pretationi
437 502 616 554 inprimis
659 500 795 540 favent
829 499 971 539 verba
981 496 1021 537 ἂν
1023 503 1115 546 &ma
1143 498 1174 538 δ’
1201 504 1312 537 αὐτῶν
1347 504 1455 549 ξυνὸν,

189 567 295 624 quae
314 570 465 622 optime
486 568 534 607 ad
562 569 740 621 proxima
771 566 890 607 verba
920 565 1165 608 reseruntur.
1211 567 1361 607 Eadem
1394 578 1453 606 ta-

150 652 151 657 *
190 651 287 677 men
310 645 383 676 ne‘c
406 636 560 676 nostrae
580 633 802 675 sententiae
827 630 1094 674 adversantur.
1113 654 1180 661 --
1212 636 1261 672 V.
1290 645 1328 675 1.
1354 630 1378 670 δὲ
1400 638 1451 672 δέ.

190 706 282 745 Vat.
309 704 396 744 loco
417 700 493 747 sec.
526 704 578 744 Et
602 700 653 743 fic
673 715 708 743 v.
733 713 773 746 2.
802 720 864 730 —-
907 702 955 742 V.
981 711 1022 751 ¹3.
1057 701 1085 739 δ’
1105 706 1122 739 ὁ
1140 698 1230 745 νεῶς.
1252 703 1339 740 Vat.
1363 700 1452 742 loco

190 768 264 818 sec.
286 782 327 810 et
347 771 455 810 Plan.
478 791 542 798 —
591 772 641 812 V.
663 781 707 821 4.
733 767 997 817 Ἀριστομένους.
1027 767 1128 810 cod.
1152 771 1243 809 Vat.
1262 769 1348 808 loco
1374 765 1451 812 sec.

191 836 472 889 Aristomachus
497 836 702 877 statuarius
730 837 860 889 Junio
890 838 933 875 in
963 837 1088 878 Catal.
1116 850 1155 888 p.
1187 845 1258 884 30.
1285 835 1451 875 aliunde

191 917 310 945 notus
335 919 416 944 non
438 916 543 953 erat;
573 901 640 944 sed
659 902 924 954 Aristomenem
947 903 1137 955 pictorem
1158 902 1272 943 nobis
1303 904 1453 943 excitat

191 985 242 1012 ex
269 973 447 1012 Vitruvii
466 974 649 1012 Prooem.
669 973 712 1012 L.
738 974 805 1010 ΠΙ.
855 971 937 1021 Qui
962 970 1068 1021 apud
1095 970 1202 1010 hunc
1224 965 1454 1021 scriptorem

199 1038 353 1091 Thafi'us
371 1049 554 1087 vocatur,
584 1039 691 1079 idem
713 1037 951 1089 Strymonius
977 1038 1105 1078 vocari
1130 1039 1259 1091 potuit
1279 1053 1301 1078 a
1320 1041 1457 1090 pocta,

192 1120 284 1146 cum
318 1104 468 1146 Thasos
502 1103 629 1146 insula
663 1120 746 1146 non
782 1106 904 1159 longo
938 1105 1146 1145 intervallo
1179 1119 1202 1143 a
1225 1105 1452 1159 Strymonis

190 1173 295 1214 ostiis
316 1167 594 1227 pofita'fuerit.
613 1194 679 1202 —
706 1175 757 1214 V.
779 1182 817 1220 ς.
832 1174 938 1215 πᾶσαι
958 1171 986 1210 δ’
1005 1177 1122 1213 ἀσταί.
1141 1172 1230 1212 Vat.
1244 1172 1344 1214 Cod.
1363 1159 1461 1212 loco⁴

191 1254 252 1294 pr.
297 1241 442 1290 Leuio,
463 1254 580 1293 quam
601 1240 676 1283 Br.
703 1240 866 1292 recepit,
888 1239 943 1278 est
962 1240 1047 1279 loeo
1067 1237 1140 1280 sec.
1163 1262 1217 1270 --
1262 1242 1312 1281 V.
1330 1239 1370 1280 6.
1396 1243 1454 1278 εὖσ

193 1306 329 1356 agisa-ov.
353 1308 471 1362 Vulg·
507 1313 663 1357 εὖκςίτου
691 1309 780 1349 Vat.
803 1307 889 1346 loco
910 1320 969 1359 pr.
1001 1312 1162 1352 εὖκτοιίης
1184 1307 1271 1347 loco
1293 1303 1366 1346 sec-
1383 1326 1453 1336 ——

191 1370 247 1414 νῧν
266 1374 336 1418 ἑνός
358 1381 517 1423 εἱσι-μία.
577 1373 763 1428 Respexit
781 1377 896 1427 poc'ta
924 1374 1070 1427 legem,
1101 1389 1220 1427 quarn
1243 1374 1292 1414 ad
1308 1373 1454 1415 Cecro-

184 1455 285 1496 -pem
308 1441 459 1482 referre
475 1439 653 1483 solebant
665 1443 800 1492 Attici,
823 1456 882 1494 ap.
894 1440 1030 1480 Athen.
1050 1443 1091 1482 L.
1113 1444 1218 1483 XIII.
1231 1456 1270 1493 p.
1285 1452 1338 1491 55
1352 1442 1453 1491 5.D.
1509 1464 1513 1471 ι

191 1514 225 1549 ἓν
257 1515 292 1548 δὲ
322 1507 480 1554 Ἀθήναις
507 1518 635 1558 πρῶτος
665 1514 796 1556 Κέκροψ
821 1515 901 1555 μίαν
920 1508 964 1548 ἔν)
988 1505 1140 1560 ἔζευξεν,
1177 1515 1291 1553 ἀνέδην
1311 1516 1350 1547 τὸ
1370 1515 1454 1556 πρό·

191 1593 288 1625 τερον
316 1582 418 1616 οὐσῶν
435 1585 500 1616 τῶν
520 1583 662 1616 συνόδων
683 1586 739 1616 καὶ
770 1582 987 1623 κοινογαμίων
1011 1572 1126 1616 ὄντων.
1174 1577 1297 1632 Diog.
1317 1577 1453 1619 [θένε.

190 1645 245 1684 11.
267 1654 309 1695 ς.
330 1657 390 1684 nr.
422 1654 491 1686 10.
508 1658 630 1698 quem
655 1645 826 1685 correxit
851 1643 966 1696 Toup.
986 1644 1035 1683 ad
1045 1644 1152 1685 Suid.
1174 1646 1325 1696 P.11.p.
1340 1653 1452 1683 221.

193 1711 266 1760 ubi
288 1711 401 1764 plura
420 1711 522 1752 vide.
561 1714 642 1752 Nos
663 1725 826 1765 quoque
846 1711 1043 1754 mnnulla
1058 1710 1178 1763 hujus
1197 1712 1356 1767 generis
1379 1723 1454 1750 no-

191 1779 359 1819 tavimus
391 1779 440 1818 ad
465 1781 534 1831 Ep.
557 1779 763 1832 Asclepiad-
781 1781 831 1819 V.
853 1779 903 1818 T.
926 1780 974 1819 11.
998 1791 1036 1830 p,
1059 1772 1143 1831 24.⁴

229 1876 231 1879 .
293 1844 444 1886 XXIII·
490 1847 590 1888 COd.
623 1847 712 1886 Vat.
738 1860 776 1899 p.
815 1846 920 1897 362⁷.
958 1846 1154 1894 Ἀντιπατξ.
1182 1857 1289 1886 Θεσσ.
1343 1845 1454 1886 Plan·

193 1927 233 1966 p.
259 1913 408 1963 91.¹St.
440 1923 455 1952 1
473 1924 543 1965 33.
569 1915 635 1955 W.
686 1915 734 1954 ln
758 1926 900 1954 novem
927 1914 1110 1965 metrias,
1147 1925 1249 1966 quae
1271 1914 1313 1952 in
1329 1914 1456 1952 Grae-

194 1981 252 2019 cia
271 1979 506 2021 floruerunt.
527 2003 593 2010 —-
641 1983 690 2024 V.
719 1991 753 2021 1.
774 1977 900 2029 ἔθρεψε
923 1980 1046 2027 ὕμνοις.
1080 1980 1317 2021 carminibus
1346 1979 1458 2027 aluit,

196 2047 371 2086 carmina
389 2047 476 2100 ipfis
496 2045 717 2101 inspiravit,
753 2048 1078 2102 quandoquidem
1104 2047 1269 2088 canendi
1290 2046 1456 2087 facultas

195 2125 246 2154 ex
264 2112 375 2154 fonte
395 2114 589 2155 caballino
610 2115 804 2158 hauritur.
825 2137 890 2145 --
924 2118 974 2157 V.
999 2125 1040 2165 3.
1064 2115 1241 2164 maxilla,
1260 2115 1458 2167 Sicyonia,

197 2181 310 2232 cujus
329 2181 486 2223 Scolion
507 2182 690 2223 dedimus
713 2186 763 2225 T.
783 2186 810 2223 1.
833 2197 872 2234 p.
899 2192 973 2234 90.
995 2184 1105 2224 XIII.
1162 2181 1267 2223 Vide
1287 2179 1458 2220 Fabricii

196 2247 296 2287 Bibl.
318 2262 378 2302 gr.
403 2247 454 2290 T‘.
475 2251 525 2289 11.
546 2264 584 2302 p.
609 2260 626 2289 1
641 2259 713 2301 35.
745 2250 807 2290 ed.
825 2251 932 2292 Harl.
953 2272 1014 2280 ——
1058 2252 1133 2290 Pro
1163 2250 1322 2302 vulgato
1353 2245 1455 2294 Μυςῶ

197 2316 289 2358 Vat.
314 2315 414 2355 Cod.
449 2314 572 2369 Μοιςῶ.
594 2331 712 2370 quam
736 2314 963 2368 scripturam
986 2314 1163 2369 sequitur
1185 2316 1304 2355 etiam
1316 2314 1454 2353 Athen.

197 2395 235 2434 p.
257 2391 368 2438 490.
389 2385 434 2425 E.
459 2395 501 2423 et
529 2385 724 2424 veriorem
751 2385 901 2436 judicat
929 2383 1088 2434 Salmas.
1113 2384 1164 2424 de
1188 2382 1313 2423 Modo
1336 2377 1455 2420 Usur.

197 2443 237 2500 p.
254 2458 406 2499 42.-—
423 2449 578 2501 '’Airai-nc
599 2459 724 2500 στῦμα.
752 2453 900 2491 Eadem
925 2451 1275 2490 circumlocutione
1292 2446 1453 2498 Velltjur

198 2515 323 2555 utitur
340 2518 383 2558 L.
407 2518 438 2556 1.
465 2527 480 2556 1
495 2523 533 2563 8.
553 2532 592 2570 p.
615 2525 691 2568 73.
711 2516 791 2570 nisi
816 2517 955 2558 Thebas
976 2531 1093 2558 unum
1113 2531 1150 2556 ος
1167 2515 1329 2555 Pindari
1349 2513 1452 2556 inlu·

197 2585 373 2624 minaret.
412 2583 483 2624 ubi
510 2584 706 2629 Ruhnken.
737 2586 975 2639 comparavit
1009 2585 1110 2625 Ptin.
1144 2585 1193 2624 H.
1217 2583 1267 2623 N.
1293 2582 1341 2621 11.
1381 2589 1456 2622 12.
