1598 2866
209 181 394 239 stne.
596 167 1100 216 κειάιιᾼΜΜΑῚ-Α.
1383 183 1481 227 297

217 304 383 347 veritate
405 298 588 340 dubitare
606 299 768 352 patitur.
790 321 854 329 -—
884 299 934 339 V.
958 308 998 340 1.
1030 295 1162 350 Ipsum
1189 302 1328 350 poema
1356 298 1484 352 loqui·

221 382 299 420 tur,
325 366 433 422 quod
454 367 660 419 Antipater
681 366 732 407 de
751 365 869 406 rebus
889 380 911 405 a
938 362 1075 406 Pisone
1092 364 1205 420 gestis
1225 363 1485 419 composuisse

220 437 390 489 videtur·
443 435 559 484 Quae
593 435 703 474 enim
729 448 764 474 v.
790 443 829 483 3.
846 445 891 483 4.
914 433 1113 484 dicuntur,
1143 434 1207 473 vix
1225 435 1340 473 aliter
1361 448 1483 486 quam

220 504 274 551 de
296 502 471 543 carmine
493 501 606 552 epico
632 491 819 554 explicari
852 498 1023 554 poffunt.
1080 502 1164 539 Nee
1196 501 1311 540 aliter
1332 502 1484 553 accepit

220 567 395 610 Reiskius
413 569 438 609 1.
459 582 491 608 c.
511 579 553 608 et
575 568 751 608 Huc-tius.
765 588 826 598 —·
855 572 1099 626 osseam-alan,
1120 564 1233 615 μήτηρ
1254 588 1286 596 -
1307 589 1351 607 -.
1394 570 1484 608 Huc

219 636 374 678 faciunt
406 636 526 676 verba
546 633 747 676 Strabonis
775 636 818 675 in
846 637 1031 688 Excerpt.
1055 637 1095 675 L.
1115 636 1208 674 Vll.
1244 649 1282 687 p.
1311 645 1417 684 509.
1437 638 1482 676 B.

222 702 276 746 ἔτι
297 710 388 751 μετὰ
407 710 465 742 τὸν
483 703 593 750 Ἀξιὸν
613 709 764 750 ποταμὸν
793 709 813 748 ἦ
843 709 1075 747 Θεσσαλονίκη
1106 706 1198 741 ἐστὶν
1225 709 1336 751 πόλις,
1367 700 1388 747 ἢ
1405 710 1487 750 πρά·

223 789 316 819 τερον
343 779 458 818 θέρμη
486 774 668 810 ἐκαλεῖτο·
708 776 837 818 κτίσμα
866 776 902 809 δέ
935 774 1010 809 ἔστι
1026 775 1269 816 Κασσάνδρου·
1305 767 1340 813 ὃς
1361 775 1413 808 ἐπὶ
1435 772 1487 822 τῷ

223 839 365 886 σ’νόματι
394 847 456 882 τῆς
477 837 602 877 ἑαυτοῦ
620 837 805 888 ›remma-¹,
837 842 957 881 παιδὸς
981 843 1014 876 δὲ
1035 843 1203 876 Φιλίππου
1224 839 1287 876 τοῦ
1308 837 1488 888 Ἀμύντου,

223 905 398 952 ὀνόμασι·
432 903 599 952 μετ-ᾤκισε
630 910 663 944 δὲ
689 910 735 943 τὰ
755 909 854 954 πέριξ
881 911 1043 951 πολίχνια
1063 911 1110 948 εἷς
1130 903 1248 948 αὐτήν.
1301 906 1414 945 Hanc
1436 906 1487 945 ob

226 969 381 1013 causam
403 986 474 1027 pro
505 972 717 1025 metropoli
739 972 997 1012 Macedoniae
1023 971 1208 1011 habenda
1227 971 1331 1012 urbs.
1385 973 1491 1013 Vide

226 1038 365 1094 Spanh.
392 1040 442 1080 de
461 1036 544 1080 Usu
573 1051 614 1080 et
641 1038 782 1079 Praest.
808 1042 926 1079 Num.
946 1041 996 1079 T.
1018 1041 1048 1078 1.
1077 1053 1116 1091 p.
1135 1041 1248 1090 653.
1270 1060 1338 1068 -
1370 1039 1422 1080 V.
1449 1048 1490 1089 5.

225 1111 319 1146 ἅΛλά
339 1124 407 1154 μοι.
445 1107 552 1146 Plan.
571 1118 612 1146 et
635 1108 726 1146 Vat.
787 1108 843 1147 Ut
871 1106 927 1146 dii
959 1107 1158 1154 mortales,
1189 1105 1238 1146 fic
1264 1118 1306 1146 tu
1327 1121 1490 1160 quoque

226 1187 365 1227 preces
388 1186 494 1213 meas
521 1174 661 1213 audire
690 1173 880 1229 digneris.
930 1174 1031 1224 Quis
1053 1175 1163 1214 enim
1182 1185 1260 1214 tam
1278 1186 1490 1233 occupatus

226 1240 308 1292 est,
337 1242 406 1294 qui
424 1238 546 1282 Mufis
568 1253 706 1280 aurem
738 1255 822 1281 non
844 1241 1061 1294 praebeat?

322 1328 407 1370 XV.
440 1328 543 1371 Cod.
576 1331 666 1371 Vat·
688 1342 726 1380 p.
757 1333 868 1381 448.
897 1327 950 1383 sq.
991 1330 1216 1377 Ἀντιπάτρου
1244 1337 1292 1374 εἷς
1323 1329 1494 1379 ποτήριον.

227 1396 338 1438 Plan.
361 1410 398 1449 Ρ.
424 1397 500 1446 67.
521 1398 578 1437 St.
608 1399 762 1447 96.W.
809 1397 1054 1452 Theogenes
1085 1395 1215 1438 Pisoni
1239 1390 1334 1438 bina
1352 1400 1495 1450 pocula

227 1465 353 1504 mittit
374 1460 586 1517 sphaerica,
612 1466 656 1505 in
677 1478 846 1518 quorum
861 1467 987 1505 altero
1007 1465 1192 1515 borealis,
1214 1467 1339 1506 altero
1355 1466 1498 1505 austra·

228 1531 276 1571 lis
311 1528 497 1583 sphaerae
529 1532 660 1572 stellae
696 1530 899 1584 exprefi'ae
936 1544 1064 1574 erant.
1085 1553 1152 1561 --
1198 1535 1247 1574 V.
1274 1543 1310 1573 1.
1336 1542 1495 1583 Διογένης

227 1599 320 1639 Vat.
344 1598 444 1640 Cod.
463 1613 485 1638 a
501 1611 559 1650 pr.
583 1613 688 1640 man.
740 1598 960 1640 Brunckius
980 1600 1078 1641 haec
1096 1599 1220 1641 refert
1241 1601 1291 1641 ad
1310 1600 1497 1656 Theoge-

230 1678 328 1706 nem
361 1667 658 1719 Apolloniatam
685 1667 1032 1720 mathematicum,
1068 1667 1119 1708 de
1148 1681 1228 1721 quo
1266 1668 1417 1709 Sueton.
1451 1669 1497 1708 in

960 1748 977 1766 o*
999 1749 1054 1768 ¹71?

231 1778 312 1818 Vit.
325 1782 428 1834 Aug.
448 1793 487 1832 p.
509 1788 694 1830 457.-—
728 1781 777 1819 V.
796 1789 834 1829 3.
855 1790 982 1828 σφαιςῃ
1008 1777 1197 1827 τεμιῖμεθκ.
1218 1781 1307 1820 Vat.
1322 1780 1498 1821 Cod.-—--

231 1845 284 1903 111
310 1844 392 1886 fine
420 1843 516 1887 vers.
537 1854 641 1898 ἡμῶν,
667 1848 774 1887 utin
800 1848 908 1887 Plan.
938 1869 997 1876 -*
1038 1849 1087 1888 V.
1111 1858 1153 1897 4.
1171 1854 1217 1886 τὰ
1242 1859 1275 1886 Β.
1293 1850 1381 1887 Vat.
1398 1846 1498 1888 Cod.

233 1935 299 1942 —-
319 1915 367 1953 V.
393 1923 436 1964 ς.
479 1917 658 1966 „Inepte
696 1925 738 1954 et
767 1925 904 1954 contra
930 1915 1235 1970 Epigrammatis
1266 1912 1419 1955 sensum
1454 1916 1498 1954 in

232 1981 379 2024 ’'Plan.
404 1982 553 2036 legitur
580 1981 703 2028 μηκέτ’
726 1987 760 2026 ἐς
779 1978 902 2030 ἶῖςκτον
923 1987 1102 2028 ἒπίβλεπε.
1156 1983 1387 2023 1,θᾶἱοιῖεηὶ
1407 1984 1499 2023 Vat.

233 2049 371 2101 „Cod.
402 2049 520 2100 dedi,
571 2063 692 2102 quam
730 2050 912 2102 probavit
942 2049 1124 2090 Holstein
1165 2050 1213 2089 ad
1247 2049 1498 2103 Stephanum

237 2129 313 2169 „p.
337 2126 443 2167 301.
465 2117 530 2156 cui
558 2116 699 2157 frustra
724 2117 956 2169 obloquitur
975 2119 1034 2157 vir
1053 2117 1290 2157 doffiffimus
1310 2117 1359 2156 ad
1381 2117 1502 2157 Calli·
1546 2116 1569 2123 “’

234 2183 400 2230 „machi
427 2185 563 2239 Epigr.
595 2186 753 2226 XXXV.
798 2182 951 2225 Falsum
975 2184 1030 2224 est
1052 2185 1159 2237 quod
1189 2186 1243 2224 ait
1262 2186 1430 2237 primam
1458 2185 1502 2222 in

235 2251 435 2294 „nomine
465 2253 626 2304 proprio
649 2248 795 2300 ’Ἄρκτος
827 2249 1016 2306 syllabam
1047 2253 1207 2307 longam
1243 2250 1336 2292 esse.
1375 2253 1503 2290 Immo

236 2324 412 2369 „natura
432 2318 563 2359 brevis
585 2318 652 2370 est.
703 2319 944 2360 Theocritus
971 2316 1099 2372 ipsum
1133 2319 1240 2359 hunc
1266 2318 1316 2358 de
1336 2331 1416 2370 quo
1441 2318 1505 2356 hie

239 2385 418 2439 sugitur,
457 2390 625 2427 Aratum
659 2383 865 2427 Solensem
889 2386 978 2439 plus
1010 2383 1133 2426 semel
1164 2385 1388 2438 compellat,
1422 2398 1507 2425 cor-

237 2463 385 2507 ngrepta
418 2449 572 2505 semper
607 2455 735 2507 prima
763 2450 932 2508 syllaba:
982 2454 1069 2493 Eid.
1101 2455 1171 2494 V1.
1205 2463 1249 2493 2.
1289 2455 1373 2493 Vll.
1403 2461 1508 2491 102.

237 2539 266 2564 s>
280 2528 382 2558 122.
426 2521 552 2572 Supra
572 2521 614 2561 in
627 2522 845 2562 Ptolemaei
861 2521 1180 2575 Epigrammate:
1212 2524 1303 2557 ἀλλὰ
1323 2527 1365 2558 τὸ
1388 2513 1511 2557 λέπτο-

235 2592 375 2633 υλόγου
396 2596 567 2636 σκῆπτρον
580 2585 729 2637 'Agma-c,-
748 2585 838 2634 ἔχει.
865 2588 1131 2640 ‚Quandoque
1144 2587 1262 2626 etiam
1277 2587 1509 2639 producitur

903 2657 942 2694 ‘s
966 2662 1004 2704 ‘5‘
