1598 2866
184 221 247 263 92
473 221 851 261 ANT-nwtrnr
902 224 1168 253 srnoun
1320 214 1462 265 11.33.

183 337 234 377 V.
259 341 299 383 5.
319 338 469 381 αὖληχές
490 333 580 375 Ald.
604 330 677 374 fec.
702 348 752 374 ex
778 336 899 375 LeStt.
924 336 1017 378 Ald.
1049 349 1107 389 pr.
1137 346 1291 378 temere
1314 334 1456 376 afl'um·

185 401 244 444 fit.
258 421 325 431 --
352 404 402 443 V.
418 403 459 442 6.
485 407 683 450 ἐκρέμασεν.
709 403 814 442 Plan.
836 413 878 443 et
891 405 980 444 Vat.
1001 404 1104 447 cod.

280 504 422 566 XCVI.
453 507 542 547 Vat-
565 505 665 548 Cod.
698 520 736 558 p.
763 513 872 557 307.
894 505 1130 554 Ἀντιπάτρου.
1175 499 1285 547 Psan-
1314 520 1351 558 p.
1378 508 1454 551 80.

186 577 244 617 St.
276 584 291 613 1
308 583 379 624 17.
396 575 466 615 W.
502 573 646 628 Pyrrhi
665 570 874 625 piscatoris,
897 572 1068 616 fulmine
1087 573 1130 614 in
1153 573 1254 614 mari
1273 571 1454 625 percum,

184 641 331 699 cymba
350 638 490 694 sponte
512 641 561 680 ad
583 641 676 680 litus
702 641 884 691 rediens,
918 637 1068 679 sulfure
1090 651 1132 680 et
1158 640 1330 694 fuligine
1349 639 1451 680 indi-

182 711 289 751 cium
317 708 434 754 fecit,
481 722 561 761 quo
591 708 729 748 mortis
764 721 914 762 genere
948 707 1134 748 dominus
1175 707 1350 760 perierit.
1385 727 1452 735 --

182 780 235 819 V.
262 787 301 817 1.
334 784 546 825 μσυνοςέτης.
578 778 669 815 Vat.
689 776 790 815 Cod·
841 777 916 815 Pro
942 777 992 819 νηῒ
1018 773 1178 828 Jofiph.
1211 773 1378 830 Scaliger
1404 774 1453 814 νεὶ

185 845 437 893 emendavit,
481 856 584 896 quae
613 843 735 883 dativi
769 842 898 882 forma
933 843 1027 882 alibi
1057 856 1139 882 non
1171 841 1356 884 occurrit.
1386 861 1451 870 —-

184 920 303 962 φυκία,
343 909 455 964 piscis
493 924 644 966 genus,
689 911 798 963 quod
832 911 897 949 alii
936 914 1087 957 φυκίδων
1126 919 1280 950 vocant.
1345 907 1454 949 Vide

183 979 396 1033 Asclepiad·
416 981 487 1031 Ep.
503 979 687 1021 XXVIII.
737 983 882 1025 φυκίδκς
903 984 960 1016 καὶ
975 981 1130 1025 μαινίδας
1149 976 1286 1031 jungit
1303 974 1451 1015 Aelim.

183 1046 284 1090 Hist0
301 1048 474 1087 An.X11.
495 1057 517 1084 2
529 1050 642 1092 8.—
655 1052 784 1093 rgaxlm
803 1049 960 1087 κάθετος.
971 1045 1076 1083 linea
1088 1041 1293 1097 piscatoria
1305 1054 1356 1082 ex
1370 1040 1452 1083 seta

182 1116 344 1168 equina.
388 1117 432 1153 In
455 1115 546 1153 vat.
576 1113 676 1154 Cod.
697 1117 848 1157 καθέτης
867 1111 1030 1167 legitur.
1070 1111 1218 1151 Eadem
1242 1110 1299 1149 est
1319 1110 1451 1150 1εᾶὶο-

180 1184 242 1223 nis
265 1180 465 1222 diversitas
485 1195 546 1234 ap.
573 1181 732 1235 Oppian.
751 1181 840 1221 Hal,
866 1181 988 1219 L.111.
1011 1188 1087 1228 77.
1108 1178 1178 1218 ubi
1198 1177 1287 1218 vide
1298 1176 1449 1218 Schnei-

179 1250 311 1290 derum
337 1264 375 1302 p·
397 1257 508 1299 405.
544 1258 586 1288 et
608 1250 734 1301 Intpp.
757 1246 914 1299 chljaech.
933 1248 976 1286 in
1006 1248 1189 1290 καθεστὸς.
1219 1267 1283 1275 -
1328 1246 1378 1284 V.
1409 1253 1451 1294 ς.

180 1325 306 1366 λιγνύῖ.
336 1316 511 1370 Apollon.
536 1316 658 1355 Rhod.
687 1317 729 1355 L.
758 1317 788 1356 1.
826 1318 930 1365 389.
962 1321 1037 1361 orry)
1065 1318 1100 1352 δέ
1127 1323 1206 1360 σφιν
1233 1317 1325 1357 ἂῖδνῆ
1352 1309 1448 1355 ussum

181 1391 311 1434 λιγνύς.
324 1406 388 1414 --
407 1387 453 1424 V.
474 1383 566 1425 6.A.
581 1389 660 1422 κούκ
673 1388 724 1422 ἐπ.
737 1385 828 1424 Vat.
845 1382 942 1423 Cod.
980 1382 1098 1421 lllum
1112 1391 1155 1420 ut
1172 1378 1333 1420 afferret
1346 1392 1448 1419 nun·

181 1454 306 1503 tium,
338 1466 421 1492 non
454 1464 551 1503 opus
581 1452 619 1490 ei
647 1462 730 1490 erat
761 1451 873 1505 ligno
906 1450 975 1488 illo
1001 1447 1175 1496 fatidico,
1219 1454 1328 1502 Argo
1356 1446 1448 1486 navi

183 1511 359 1571 inserto,
400 1519 509 1573 quod
541 1512 834 1574 navigantibus‘
851 1517 1019 1558 deorum
1051 1516 1301 1557 voluntatem
1332 1512 1450 1568 figni-

178 1586 338 1630 ficabat.

282 1689 445 1733 XCVII.
495 1689 586 1731 Vat.
617 1689 719 1731 Cod.
750 1702 789 1742 p.
821 1696 930 1738 305.
975 1684 1113 1727 Edidit
1142 1684 1258 1738 Jenfi
1279 1697 1339 1724 nr.
1372 1692 1449 1735 94.

179 1756 307 1801 Reisk.
331 1772 390 1798 nr.
412 1767 522 1811 745.
541 1771 580 1809 p.
606 1766 708 1806 152.
751 1758 800 1796 In
821 1754 1044 1796 Diodorum
1065 1754 1286 1808 Calligenis
1305 1750 1448 1805 filium,

181 1828 267 1882 qui,
303 1826 428 1865 multa
443 1826 574 1864 maria
593 1821 790 1873 emensus,
824 1824 868 1862 in
888 1832 1018 1874 portu,
1053 1821 1151 1860 dum
1170 1819 1447 1862 abundantem

181 1894 315 1935 cibum
338 1903 556 1943 evomeret,
591 1905 614 1931 e
638 1892 728 1930 navi
756 1887 936 1930 excussus
953 1899 1050 1928 erat.
1072 1908 1139 1917 —
1183 1889 1233 1927 V.
1262 1897 1301 1928 1.
1330 1886 1447 1924 'onar-

182 1966 268 2002 sm.
298 1959 528 2015 Olynthum
556 1974 578 1998 a
599 1959 782 2009 Philippo
805 1956 1030 1996 Macedone
1058 1951 1239 1994 funditus
1267 1949 1446 1998 eversam

182 2027 276 2079 esse,
300 2025 387 2068 satis
408 2026 566 2067 constat.
599 2028 688 2081 Jam
709 2039 799 2066 cum
822 2025 1028 2076 Antipater
1050 2021 1241 2071 Sidonius,
1262 2018 1446 2072 Philippo

181 2095 338 2137 duobus
359 2108 465 2148 pene
493 2091 630 2134 seculis
654 2092 857 2147 posterior,
888 2101 1086 2131 memoret
1112 2087 1354 2144 Olynthium
1377 2086 1447 2126 ho-

179 2165 354 2213 minem,
390 2159 561 2202 Reiskius
583 2162 748 2216 colligit,
774 2157 1002 2214 Olynthum
1032 2170 1055 2196 e
1074 2156 1199 2195 ruinis
1218 2152 1294 2194 suis
1319 2150 1447 2194 resur·

179 2229 341 2281 rexisse,
370 2230 506 2282 idque,
537 2230 714 2282 quamvis
741 2226 939 2268 Historicis
971 2235 1011 2265 et
1034 2221 1282 2278 Geographis
1317 2232 1448 2262 tacen-

179 2299 298 2350 tibus,
333 2312 383 2338 ex
402 2297 477 2337 hoe
498 2299 796 2352 Epigrammate
820 2292 925 2334 effici
944 2302 1069 2345 putat.
1124 2291 1203 2330 Sed
1227 2289 1324 2329 haec
1347 2289 1447 2328 ratio

179 2367 397 2407 admodum
417 2364 536 2406 fallax
557 2364 625 2408 est.
682 2366 897 2415 Nunquam
921 2361 1030 2400 enim
1065 2359 1181 2398 certis
1201 2357 1450 2412 argumentis

177 2434 340 2488 probari
362 2432 524 2486 poterit,
556 2433 812 2485 Antipatrum
831 2429 907 2470 hoc
927 2427 1104 2469 carmine
1122 2439 1206 2465 rem
1228 2421 1295 2464 sua
1318 2433 1451 2463 aetate

180 2501 323 2542 fa&am
347 2513 518 2541 narrare.
561 2498 793 2541 Vetustioris
816 2498 946 2549 potius
968 2499 1109 2547 poetae
1137 2506 1312 2543 carmen,
1339 2501 1385 2530 ut
1406 2491 1451 2530 in

182 2569 366 2622 plurimis
395 2568 502 2616 aliis,
545 2565 596 2608 fic
620 2568 664 2607 in
684 2565 761 2606 hoe
784 2576 946 2617 quoque
973 2563 1272 2616 Epigrammate
1299 2553 1456 2612 expres·

178 2633 266 2676 fifi'e
298 2635 426 2677 videri
459 2635 594 2676 debet.
621 2657 686 2664 —
730 2635 780 2674 V.
810 2643 851 2684 3.
883 2629 934 2671 ὅτ’
958 2627 1059 2677 ὔμεεν
1083 2628 1184 2669 Cod.
1216 2628 1307 2667 Vat.
1345 2623 1455 2678 quod
