1598 2866
93 180 446 235 351408514093
511 181 739 211 Ant-tle.
778 179 990 209 Tnzss.
1025 178 1112 211 ΕΡ.
1266 169 1365 217 287

106 286 314 345 iitheuaet
332 293 611 349 Callimachus,
642 293 826 333 tradente
850 291 979 333 Plinio
1001 293 1040 332 L.
1059 294 1219 343 XXL9.
1243 294 1296 334 T.
1312 292 1370 334 11.

108 366 279 425 9335,
326 363 436 416 Quid
459 361 504 402 sit
520 372 668 411 autem,
699 359 807 413 quod
827 357 910 400 Piso
934 360 976 398 in
998 360 1272 414 Gallograecia
1287 371 1371 400 tan·

111 444 252 490 topace
262 433 475 482 vituperet,
501 430 646 483 ignoro
667 427 872 480 equidem.
904 427 1098 467 Brodaeus
1114 427 1163 466 ad
1184 428 1254 468 mel
1269 425 1373 469 rabie

110 502 219 551 dm,
238 506 290 539 σὺ
307 505 505 547 μαινόμενον
526 504 615 545 μέλι,
641 505 754 548 putat
782 491 933 548 respici,
963 494 1070 546 quod
1092 495 1213 534 etiam
1239 496 1375 535 Ponti·

14 598 47 624 κ,
112 582 197 611 cum
217 574 419 612 vocatur.—
436 563 538 607 Vide
554 560 771 602 Beckmann.
792 561 842 601 ad
862 559 1028 611 Aristot.
1048 561 1144 603 Mir-
1165 558 1279 612 Ausc-
1298 570 1373 612 17.ν

112 650 156 692 p.
172 643 250 688 43.
275 631 332 688 sq·
350 654 417 664 —-
448 633 498 674 V.
521 640 564 671 2.
584 627 763 677 ἀνθρώπων
783 628 915 683 vulgo.
946 630 992 667 ln
1013 629 1103 669 Vat.
1123 626 1334 676 ἂνθςᾶπους.
1373 657 1376 659 -

200 811 579 858 ANTIPATRI
649 807 1302 850 THESSALONICENsis

541 900 955 934 :mortanum-rm
1284 894 1287 902 ‘

229 1101 271 1142 π.
300 1090 430 1150 109.]
465 1095 501 1136 Ι.
535 1097 582 1135 [ιι
604 1095 693 1138 Vat.
717 1092 818 1134 cod.
842 1107 882 1146 p.
901 1101 1009 1143 510.
1027 1093 1090 1132 τοῦ
1109 1093 1230 1132 αὖα-οῦ.
1270 1094 1386 1134 Prae-

126 1164 237 1208 ceffit
254 1175 391 1205 autem
408 1163 614 1216 Antipatri
635 1159 713 1200 Sid.
735 1163 848 1211 Ep.l.
878 1162 923 1199 In
944 1160 1051 1200 Plan.
1067 1171 1206 1200 contra
1224 1173 1262 1212 p.
1279 1168 1386 1208 173·

126 1233 185 1275 St.
206 1242 265 1284 25
279 1232 390 1280 3.W.
434 1230 503 1270 ubi
529 1226 842 1280 Theffialonicenfi's
868 1228 1002 1282 Epigr.
1023 1228 1142 1269 XLV.
1171 1226 1390 1281 praecessit,

129 1301 252 1341 etiarn
270 1301 333 1338 τοῦ
353 1299 459 1345 ahoi
485 1294 724 1337 inscribitur.
764 1296 859 1336 Vini
883 1295 1016 1336 'Italici
1044 1291 1223 1344 (Αὔσονος)
1243 1295 1285 1334 in
1312 1294 1389 1334 hoc

129 1367 306 1407 carmine
327 1364 651 1405 commemoratio
677 1364 855 1402 animum
874 1361 962 1402 fere
988 1363 1037 1403 ad
1059 1360 1389 1402 Thessalonicen·

130 1430 214 1474 sem
235 1433 436 1473 auctorem
456 1432 634 1472 inclinat.
670 1432 753 1470 Nec
775 1441 910 1469 tamen
933 1429 1008 1469 hoc
1028 1441 1278 1470 momentum
1300 1426 1390 1470 satis

132 1514 345 1556 grave.—-
391 1501 588 1553 Scriptum
619 1510 779 1553 carmen
799 1498 843 1537 in
871 1497 1119 1548 Heliconem,
1147 1498 1395 1548 pincernam,

45 1574 54 1586 ”
135 1569 248 1622 cujus
281 1564 321 1607 se
349 1580 477 1608 unum
505 1566 694 1619 poculum
721 1566 844 1617 pluris
873 1563 1004 1604 facere
1034 1565 1102 1616 ait,
1135 1578 1256 1618 quam
1280 1564 1394 1603 mille

133 1636 278 1692 pocula
295 1647 420 1688 aquae
441 1647 491 1674 ex
515 1633 629 1686 fonte
650 1634 875 1675 Heliconio.
894 1651 960 1661 —-
1012 1634 1062 1672 V.
1087 1643 1126 1673 1.
1159 1631 1246 1680 ὕδωρ
1265 1636 1397 1675 :davi-2²4.

138 1715 316 1743 canorum
333 1702 503 1752 laticem,
535 1701 605 1754 qui
632 1700 802 1740 canendi
831 1699 1061 1739 facultatem
1080 1697 1269 1752 inspirare
1288 1709 1402 1749 puta·

138 1770 271 1810 batur.
341 1768 534 1809 Similiter
558 1767 739 1821 pallidam
770 1767 935 1807 Pirenen
959 1764 1110 1808 Persius
1131 1767 1231 1807 dixit
1250 1767 1292 1806 in
1308 1768 1400 1805 Pro·

142 1837 223 1893 log.
245 1848 287 1889 4.
310 1849 413 1890 quae
434 1836 601 1889 pallidos
622 1835 837 1887 doctosque
857 1833 963 1874 facit.
982 1856 1048 1864 ·-—
1093 1836 1143 1877 V.
1159 1846 1201 1884 4.
1223 1838 1401 1880 ἁμεριμνο-

141 1913 254 1953 τερης.
286 1905 393 1955 Quia
412 1907 563 1956 poetae,
583 1914 627 1941 ut
649 1902 851 1942 Heliconis
871 1899 1048 1955 scopulos
1069 1898 1267 1955 superent,
1299 1895 1402 1943 mul.-

143 1971 491 2012 tumdifficultatis
511 1968 695 2021 superare
718 1969 879 2009 debent.
902 1991 968 1999 ——
1005 1972 1055 2011 V.
1079 1968 1121 2009 6.
1142 1972 1249 2008 Ante
1269 1963 1291 2011 »ἲ
1307 1965 1398 2019 sup·

142 2040 337 2091 piendum
363 2040 514 2086 μᾶλλον,
552 2048 598 2076 ut
630 2038 673 2077 in
700 2035 885 2094 Meleagr.
906 2039 980 2087 Ep.
1002 2038 1074 2080 VI.
1114 2035 1184 2075 ubi
1205 2035 1402 2089 quaedam

139 2107 196 2148 de
217 2107 290 2147 hac
311 2104 435 2159 enipfi
457 2106 694 2146 notavimus.

246 2174 300 2214 11.
334 2173 436 2214 Cod.
464 2175 554 2215 vat.
585 2186 624 2225 p.
657 2181 754 2223 92„
787 2171 895 2212 Plan.
925 2183 964 2222 p.
986 2174 1096 2221 480.
1117 2171 1172 2211 St.
1203 2168 1313 2220 623.
1335 2169 1403 2211 W.

148 2242 306 2282 Eximie
323 2255 384 2294 ap.
411 2243 635 2282 Homerum
651 2241 853 2281 Venerem
885 2238 1076 2290 appellari
1096 2251 1256 2278 auream
1269 2252 1280 2285 3
1309 2248 1406 2275 auro

152 2309 262 2349 enim
293 2309 428 2348 omnia
457 2308 502 2348 in
525 2320 661 2347 amore
689 2307 977 2359 impedimenta
1005 2305 1115 2352 tolli;
1150 2303 1252 2344 nihil
1281 2302 1412 2342 feren-

154 2375 258 2416 tibus
281 2376 415 2416 omnia
434 2372 561 2416 clausa
578 2372 670 2415 effe.
710 2370 857 2413 Similis
875 2369 980 2412 lusus
1002 2386 1063 2425 ap.
1089 2371 1203 2412 Ovid.
1229 2373 1274 2409 11.
1294 2373 1342 2410 A.
1358 2371 1409 2409 A.

158 2446 267 2491 278.
293 2463 360 2472 -—
397 2444 447 2483 V.
474 2452 513 2482 1.
543 2449 657 2485 καλός.
688 2451 784 2481 vett.
818 2440 905 2480 edd.
933 2452 1060 2492 usque
1084 2440 1132 2478 ad
1161 2433 1319 2479 Ascens.
1344 2454 1412 2466 --

157 2505 211 2546 ἔτι
229 2510 362 2565 vulgo,
388 2510 509 2549 Male.
557 2505 717 2549 Omnia‘
733 2509 896 2561 quidem
924 2507 1126 2557 p1aec1are
1153 2504 1202 2543 ab
1232 2506 1412 2543 Homero

158 2575 280 2626 dieta,
322 2576 423 2617 illud
453 2587 612 2627 autern,
660 2575 769 2629 quod
805 2577 1008 2615 Venerem
1046 2572 1197 2612 vocavit
1238 2582 1416 2621 auream,
