1598 2866
16 150 20 151 ⁷
80 164 227 213 11.-91.
458 167 963 199 trinnnmnnrn.
1258 167 1351 213 24¹

85 295 253 341 genere.
283 278 390 323 vide
410 279 566 322 Gesner.
584 278 637 322 de
657 279 833 333 Aquatil.
861 292 900 332 p.
923 278 1035 323 612.
1069 278 1278 324 Schneider.
1299 281 1350 324 ad

87 351 284 393 Aelianum
310 351 363 391 Η.
390 350 440 388 Α.
468 350 558 390 xu.
581 352 657 394 28.
684 362 722 402 p.
747 356 856 399 394.
902 350 1006 390 Sunt
1029 348 1191 401 quidam
1213 346 1351 402 pisces,

85 419 156 473 qui
172 405 326 466 semumv
344 426 537 469 putantur
562 415 697 466 edere,
726 428 900 469 quotum
924 415 1143 473 nonnullos
1165 414 1348 458 recenset

81 484 230 532 Aelim.
243 484 291 524 X.
322 492 338 522 1
354 493 392 524 1.
412 505 480 515 -—
511 482 683 530 ἆλιτνςος.
709 479 839 523 caseus
853 482 958 525 hene
980 479 1095 522 salsus
1113 493 1156 522 et
1176 485 1343 526 v‘nzdum

79 552 246 593 coaetus.
269 570 336 579 -
380 552 432 591 V.
452 562 496 602 4.
529 552 711 599 θριδάκια.
742 549 889 602 laetum
909 547 1049 601 sativa,
1084 563 1190 603 quae
1212 551 1346 593 distin·

81 620 219 675 guitur
239 631 262 657 a
280 621 468 667 θριδακίνῃ.
510 617 615 658 Vide
630 616 789 667 Salmas)
805 617 847 656 in
866 617 967 659 Plin.
989 631 1029 669 p.
1054 615 1159 666 896.
1201 617 1300 660 Bod.
1317 632 1343 661 a

80 685 209 739 Stapel
232 685 282 726 ad
311 684 519 739 Theophr.
538 686 624 727 vn.
654 698 693 738 p.
712 686 824 734 778·
872 686 1004 736 Hujus
1029 682 1126 724 folia
1150 697 1220 724 cur
1238 690 1344 734 ἇφρο·

78 763 151 802 φυῆ
179 753 456 805 appellentur,
490 764 573 792 non
605 747 695 792 satis
723 762 910 803 apparet;
953 750 1198 792 Schneiderus
1227 754 1342 794 malit

75 826 239 869 ὰςτιφυῆ.
257 840 326 848 -—
358 821 409 860 V.
433 829 471 869 5.
493 823 616 863 ἂκτῆε.
636 818 836 859 Homines
860 819 982 874 gulae
997 830 1042 859 et
1065 820 1361 872 voluptatibus-

77 888 226 936 dediti,
266 887 310 927 in
338 886 457 927 litore
485 887 683 927 convivari
709 881 896 926 solebant.
976 889 1087 926 Inter
1123 887 1338 940 voluptatis

76 955 340 997 instrumenta
369 954 471 995 adae
495 964 858 993 commemorantur
884 967 944 1007 ap.
977 951 1146 996 ciceron.
1175 966 1208 995 c.
1235 954 1341 996 Coe-

75 1025 176 1064 lium
207 1018 246 1074 §.
269 1031 345 1071 35.
375 1020 623 1071 Accusatores
647 1020 795 1073 quidem
817 1018 1008 1070 libidines,
1041 1034 1197 1070 autores,
1230 1021 1342 1063 adut·

76 1092 200 1140 teria,
247 1088 387 1143 Bajas,
425 1089 547 1138 σᾶω,
589 1091 783 1137 convivia,
822 1088 1150 1140 commeffiationes‚
1190 1100 1337 1140 cantus,

67 1156 326 1210 symphonias,
347 1157 501 1211 navigia
508 1154 678 1208 jac'lant.
709 1155 839 1211 Magis
849 1156 969 1195 etiam
984 1153 1141 1194 illustris
1158 1154 1215 1195 est
1223 1156 1335 1196 locun

75 1228 119 1266 in
144 1224 322 1264 Verrinis
346 1225 418 1264 Or·
443 1224 488 1262 V.
513 1217 551 1274 §.
577 1220 652 1270 96.
685 1223 742 1261 Ac
754 1225 882 1275 primo
902 1223 954 1263 ad
973 1222 1040 1262 illa
1068 1221 1205 1273 aestiva
1222 1237 1335 1276 prae·

74 1293 175 1331 toris
195 1289 382 1340 accedunt,
414 1288 535 1343 ipsam
559 1288 665 1329 illam
684 1289 736 1328 ad
753 1301 902 1343 partem
921 1290 1063 1339 litoris,
1097 1288 1165 1329 ubi
1182 1288 1248 1340 iste
1263 1302 1333 1344 per

71 1373 130 1399 eos
156 1357 251 1407 dies,
279 1355 533 1398 tabernaculis
562 1357 715 1410 positis,
760 1355 882 1407 castra
908 1356 1094 1398 luxuriae
1119 1356 1346 1401 collocarat..

70 1426 183 1466 Aeas
202 1436 238 1463 et
254 1423 465 1478 voluptates
484 1425 696 1479 conjungit
716 1421 844 1462 Cicero
863 1428 956 1477 Epp.
978 1425 1026 1464 ad
1050 1425 1182 1464 Famil.
1199 1426 1268 1466 lx.
1283 1425 1329 1466 6.

68 1514 136 1525 --
154 1494 273 1533 Hunc
302 1486 457 1532 versum
475 1503 566 1531 cum
595 1488 788 1544 sequente
812 1490 977 1531 laudans
997 1490 1157 1542 Salmas}
1178 1492 1228 1531 ad
1249 1496 1333 1533 Ser.

68 1559 168 1603 nist.
195 1562 304 1614 Aug.
332 1561 384 1601 T.
408 1562 437 1599 1.
466 1573 503 1611 p.
542 1569 593 1609 ις
603 1569 648 1607 7.
678 1553 803 1604 ἔποψιν
832 1558 884 1599 de
913 1570 1004 1599 zeta
1030 1559 1331 1613 interpretatur,

68 1640 174 1681 quae
197 1623 446 1679 prospeflum
474 1627 592 1666 maris
620 1625 776 1666 habeat.
796 1646 862 1657 —
894 1632 937 1670 ὦς
960 1632 1040 1666 atel.
1069 1638 1115 1666 ut
1135 1627 1244 1677 olim,
1261 1639 1331 1668 eo-

68 1695 163 1735 dem
178 1695 271 1734 anni
290 1705 484 1746 tempore,
497 1706 703 1746 nunquam
726 1707 808 1734 non
826 1691 1046 1734 solebamus
1065 1692 1209 1734 facere.
1244 1691 1328 1734 Nisi

67 1761 199 1812 fallor,
222 1762 269 1802 in
286 1758 370 1801 fine
395 1760 513 1812 hujus
531 1760 684 1801 distichi
695 1761 972 1816 interrogandi
995 1760 1149 1815 (ignum
1168 1774 1327 1814 ponen-

69 1829 166 1869 dum
188 1827 256 1869 est.
291 1829 413 1880 Quod
434 1826 461 1867 fi
477 1827 633 1880 feceris,
654 1825 786 1868 sensus
806 1827 960 1869 exsistet
977 1827 1065 1868 fere
1082 1827 1170 1869 hic:
1205 1831 1328 1870 ‘rem-

69 1910 143 1950 pus
159 1897 256 1936 anni
273 1908 346 1936 nos
363 1895 412 1935 ad
438 1895 616 1949 pristinas
644 1896 867 1949 voluptates
889 1895 1135 1937 renovandas
1163 1896 1321 1939 invitat.

70 1963 182 2016 Quid
202 1962 258 2006 est
278 1964 417 2018 igitur,
447 1963 555 2016 quod
578 1977 662 2003 non
680 1963 730 2003 ad
753 1965 876 2004 aebm
902 1977 1161 2017 properemus
1184 1964 1326 2018 ibique

65 2032 110 2072 in
131 2031 226 2072 locis
245 2031 423 2071 amoenis
440 2032 663 2083 epulemur,
681 2042 726 2071 ut
744 2033 889 2072 antea?
922 2033 1013 2072 Non
1025 2028 1171 2077 cessat-e
1191 2031 1325 2086 debet,

66 2096 95 2139 fi
119 2100 207 2151 quis
226 2099 304 2138 vita
330 2095 411 2138 frui
436 2099 580 2149 cupiat.
627 2094 710 2151 lpsa
728 2099 834 2139 vitae
853 2098 1022 2138 brevitas
1043 2109 1085 2138 et
1111 2108 1246 2138 rerum
1269 2100 1325 2141 vi·

64 2165 307 2206 ciffitudines
327 2179 398 2205 nos
410 2166 643 2216 admonent,
664 2177 709 2205 ut
725 2179 780 2205 ne
798 2165 959 2206 fruendi
980 2167 1324 2217 opportunitatem

65 2232 180 2274 nobis
205 2233 403 2286 patiamur
433 2232 554 2273 elabi.
610 2231 813 2274 Habemus
841 2234 1047 2286 exempla,
1078 2245 1206 2286 eaque
1237 2246 1325 2274 nou

64 2301 187 2355 longe
220 2299 472 2353 quaerenda,
516 2312 620 2354 quae
649 2314 721 2340 nos
751 2300 977 2356 fragilitatis
1009 2299 1164 2340 nostrae
1190 2299 1324 2345 admo-

64 2379 208 2415 neant,
235 2368 480 2423 Antigenem
512 2379 554 2407 et
581 2367 813 2417 Bacchium,
846 2369 915 2420 qui
936 2367 1019 2408 heri
1047 2367 1187 2420 (paulo
1207 2361 1324 2423 ante)

62 2431 264 2481 luserunt,
296 2434 418 2475 hodie
440 2431 702 2487 sepeliuntur.
724 2455 791 2464 —-
836 2437 949 2476 Hanc
978 2438 1117 2486 poetae
1140 2443 1323 2473 mentem

63 2499 164 2551 effe,
194 2501 387 2542 Brodms
407 2515 570 2556 quoque
594 2500 833 2543 existimafl‘e
858 2502 1030 2551 videtur,
1058 2513 1149 2541 cum
1167 2496 1323 2541 sotibit:

118 2577 189 2615 Vol.
199 2577 250 2619 ll.
269 2577 313 2615 Ρ.
330 2589 362 2615 ι.
793 2571 834 2620 Q
