1598 2866
107 149 249 200 n.91.
480 127 995 186 ιιιὶαπΑΜΜΑι-Α,
1283 147 1378 195 249

113 270 272 320 editor,
310 267 376 322 agi
405 265 481 307 hoc
512 267 690 306 carmine
727 265 778 306 de
810 263 1076 306 anniversario
1105 263 1230 313 festo,
1271 263 1380 316 quod

115 336 304 390 Epicurei
334 335 380 374 in
410 332 586 388 magistri
624 330 682 373 sui
715 334 911 373 natalibus
948 332 1150 373 celebrare
1188 328 1381 380 solebant,

116 401 446 453 μηόᾳεῖκαδιστα)
469 401 652 454 appellati
685 397 786 441 sunt.
843 400 920 440 Sed
947 414 1029 440 non
1054 397 1178 439 solum
1206 399 1381 438 natalem

117 465 257 525 funmj
287 466 355 509 sed
386 467 612 508 vicefimum
641 480 843 520 quemque
863 468 984 508 lunae
1003 467 1111 507 diem
1130 466 1257 517 epulis
1278 466 1380 506 cele·

117 537 227 578 brari
251 549 323 589 per
354 534 632 575 testamentum
661 533 835 586 jusserat.
894 534 1023 574 Cicero
1052 534 1104 574 de
1134 535 1222 573 Fin.
1252 535 1296 572 L.
1325 534 1380 572 Π.

110 601 158 659 5.
175 613 278 645 101.
293 602 448 658 Qaero
470 615 605 653 autem,
623 600 783 656 quidfit
802 601 914 655 quod,
934 615 1016 641 cum
1039 599 1282 652 diff‘olutione
1291 599 1383 649 sen·

112 670 187 725 sus
211 675 330 711 onmis
351 669 618 726 exstinguatur
646 690 685 698 -
719 681 799 711 tam
818 668 1021 724 diligenter
1039 681 1188 722 tamque
1207 680 1381 706 accurate

118 749 246 779 caveat
263 750 299 778 et
313 736 490 788 fiznciat,
524 749 569 775 ut
597 734 894 787 Amynomachus
922 748 959 774 et
998 736 1239 782 Rmocrates,
1273 733 1378 773 here-

119 806 180 848 des
202 804 296 856 sui,
331 804 374 844 de
405 802 605 845 Hermachi
623 803 818 854 sententia
843 802 950 851 dent,
996 804 1100 856 quod
1124 802 1229 853 fiatis
1248 800 1306 852 sit
1331 801 1383 841 ad

119 873 216 913 diem
236 873 416 928 agendum
439 871 600 911 natalem
611 869 732 922 suum
751 874 968 924 quomnnis‚
1000 869 1121 921 mens}
1143 869 1381 909 Gamelione:

119 942 281 994 itemque
307 935 478 979 ommbus
507 935 691 989 menfibus
715 935 880 987 vicesimo
903 937 962 976 die
989 937 1100 977 lunae
1133 938 1221 976 dent
1254 936 1305 975 ad
1323 950 1379 975 eo·

120 1019 211 1046 rum
231 1005 365 1058 epulas,
399 1008 468 1060 qui
487 1018 562 1044 una
576 1004 703 1056 secum
725 1003 985 1058 philosophati
1002 1004 1109 1057 fint,
1137 1018 1182 1044 ut
1202 1016 1238 1043 et
1252 1003 1326 1054 sui
1346 1016 1384 1042 et

121 1073 344 1114 Metrodori
362 1074 541 1112 memoria
562 1071 722 1113 colatur.
766 1072 870 1112 Vide
893 1072 1071 1125 inprimis
1090 1072 1313 1127 Menagium
1334 1071 1381 1110 ad

122 1140 246 1197 Diog.
265 1142 398 1182 Lair&
417 1141 464 1180 X.
494 1140 564 1185 18.
583 1153 623 1192 p.
637 1148 751 1191 454.
805 1137 1085 1180 Philodemum
1104 1152 1199 1179 vero
1219 1151 1271 1178 ex
1290 1139 1382 1191 Epi-

122 1221 335 1248 cureorum
367 1204 484 1246 fuiffe
513 1205 677 1256 familia,
713 1207 895 1247 novimus
926 1220 979 1247 ex
1010 1206 1201 1248 Ciceronis
1235 1208 1308 1246 Or.
1339 1206 1383 1245 in

123 1271 253 1317 Pison.
275 1288 308 1315 c.
328 1277 404 1320 28.
422 1284 466 1314 et
486 1282 565 1324 29.
584 1293 651 1301 —-
696 1276 872 1315 Domum
897 1270 1004 1314 suam
1024 1273 1100 1316 five
1124 1274 1383 1314 coenaculum

124 1347 272 1382 καλιάδα
290 1351 423 1390 vocat3
462 1339 514 1381 fic
545 1342 652 1381 enim
680 1342 933 1395 appellantur
965 1342 1169 1382 aediculae
1196 1354 1247 1381 ex
1270 1341 1383 1395 ligno

122 1408 354 1460 exsti-nehe,
385 1421 490 1461 quae
507 1409 683 1452 eaedem,
702 1406 792 1449 sunt
812 1415 943 1449 καλιαί.
976 1410 1080 1449 Vide
1100 1420 1184 1449 not.
1201 1408 1250 1448 ad
1269 1407 1385 1462 Apol-

124 1475 242 1517 lonid.
267 1478 339 1529 Ep.
372 1478 439 1517 IX.
462 1497 530 1505 —
580 1478 655 1516 Pro
684 1476 797 1524 ἔταςις
821 1478 952 1517 editor
977 1476 1097 1526 ἔταςος
1121 1476 1296 1531 corrigit.
1321 1495 1387 1503 —-

122 1544 273 1584 Invitat
291 1554 426 1584 autem
446 1556 561 1593 eum,
592 1555 638 1584 ut
658 1542 755 1584 hora
774 1557 872 1584 nona
895 1556 1108 1585 coenatum
1128 1544 1274 1593 veniat,
1304 1555 1384 1595 quo

124 1621 307 1665 tempore
335 1609 532 1666 negotioli
564 1610 748 1652 homines
780 1623 822 1652 et
855 1609 975 1653 sobrii
1015 1613 1172 1652 inibant
1207 1623 1388 1651 coenam.

127 1677 248 1719 Conf.
258 1677 475 1732 Salmafium
487 1679 534 1718 ad
550 1678 631 1719 Scr-
645 1678 742 1719 Hist.
753 1683 857 1735 Aug.
872 1680 897 1719 1.
914 1694 946 1720 c.
959 1697 1022 1708 -ν-
1056 1680 1105 1718 V.
1125 1690 1164 1730 3.
1187 1682 1387 1726 ἀπαλείψῃς.

124 1746 206 1787 Vix
220 1743 428 1788 fincerum.
460 1746 609 1787 Saltem
637 1743 889 1788 scribendum
914 1752 1091 1792 ἀπολείψει
1122 1758 1164 1787 et
1190 1743 1268 1798 seq.
1288 1741 1388 1785 vers.

127 1820 303 1864 πρόποσις.
356 1814 478 1865 Quod
501 1812 527 1853 fi
549 1811 701 1854 sumina
728 1825 771 1854 et
790 1814 939 1856 Chium
968 1816 1103 1854 vinum
1125 1815 1267 1863 deerit,
1295 1813 1389 1851 ami·

129 1893 196 1922 cos
219 1881 402 1921 invenies
430 1879 599 1922 finceros
629 1893 671 1922 et
691 1893 912 1922 acroamata
934 1882 1135 1933 exaudies,
1169 1879 1387 1921 Phaeacum

127 1949 357 1989 acroamatis
382 1949 504 2004 longe
531 1948 779 2000 jucundiora·
844 1946 992 1989 οὔθατα.
1035 1949 1190 1996 Quanti
1220 1948 1387 1988 Romani

129 2011 285 2056 sumina
305 2015 497 2066 fecerint,
534 2017 661 2055 multa
685 2026 868 2057 veterum
897 2018 981 2058 loca
1010 2018 1225 2057 declarant.
1285 2013 1392 2053 Vide

130 2081 280 2136 Intrpp.
300 2083 482 2124 Martial.
504 2085 546 2124 L.
566 2085 678 2125 xm.
706 2095 783 2134 44.
803 2106 868 2114 —
898 2086 948 2128 V.
975 2095 1014 2135 5.
1038 2090 1239 2128 ἐπακούσαις
1259 2083 1391 2136 legen-

132 2149 243 2190 dum.
260 2171 326 2180 --
367 2153 418 2194 V.
434 2151 476 2191 6.
501 2149 667 2196 Φαιήκων.
696 2151 913 2204 Comparat
932 2152 1063 2192 editor
1082 2152 1235 2191 Homer.
1257 2148 1333 2190 Od.
1355 2151 1392 2187 3.

135 2221 245 2268 248.
258 2223 324 2257 atet
343 2217 371 2257 δ’
386 2223 462 2266 ἧμῖν
481 2223 554 2263 δαῖς
571 2235 614 2258 τε
636 2225 732 2266 <Mam
750 2223 884 2268 κίθαρίς
900 2237 941 2259 τε
958 2226 1056 2267 χορυί
1076 2237 1197 2260 τω-
1227 2219 1276 2257 V.
1291 2227 1334 2266 7·
1350 2219 1391 2262 8·

134 2283 274 2326 Editor
293 2285 335 2325 in
355 2285 417 2326 his
440 2285 565 2326 verbis
583 2284 856 2340 praederastici
876 2288 971 2340 quid
986 2285 1057 2327 {ibi
1080 2284 1394 2327 animadvertere

134 2347 249 2402 vitus,
275 2351 605 2408 efflagitationem
636 2354 744 2393 inam
782 2354 844 2393 τοῦ
872 2362 1006 2402 τρέπειν
1040 2350 1184 2402 ὄμματα
1210 2359 1258 2396 εἰς
1286 2356 1391 2389 aare*

137 2410 244 2468 (nam
266 2419 391 2460 edidit
410 2420 559 2470 τρέψῃς)
588 2419 689 2460 nihil
710 2421 817 2462 aliud
847 2420 929 2462 effe
962 2421 1140 2476 putabat,
1174 2418 1244 2460 nist
1268 2419 1393 2471 turpis

135 2485 195 2524 rei
214 2485 428 2527 modestam
452 2485 781 2529 sollicitationem.
806 2491 960 2542 Inepte.
997 2487 1393 2534 Philodemus,Grae·

131 2551 266 2601 culus,
297 2550 503 2607 Pisonem,
533 2556 662 2596 virum
694 2554 875 2596 nobilem
896 2569 1073 2609 eumque
1102 2557 1322 2596 Romanum
1345 2553 1393 2593 ad

822 2625 918 2674 Q5
