1598 2866
171 200 265 243 310
436 200 806 263 ANT1PAJR¹
858 197 1164 229 ruzssAt..
1256 188 1431 229 11.116.

174 319 346 362 φλάφυςε.
376 314 471 354 Vat.
505 312 604 353 Cod.
655 317 860 359 „mecedem
893 310 1060 351 Planud.
1097 310 1225 352 Codd.
1253 311 1439 358 meliores

174 386 377 428 „mamaea
422 379 618 435 Glaphyri
645 378 841 427 tibicinis,
875 379 946 431 qui
973 375 1044 416 sub
1079 378 1258 432 Augusto
1289 377 1438 428 floruit,

177 447 399 493 „meminit
418 447 601 502 Juvenal.
622 448 702 488 Sat.
726 447 794 487 VI.
815 453 890 495 77.
922 445 1069 497 Accipis
1099 459 1269 495 uxorem,
1302 445 1344 486 de
1362 458 1439 498 qua

179 514 449 560 „citharoedus
476 514 636 563 Echion,
668 514 752 553 Aut
783 511 1001 565 Glaphyrus
1024 509 1102 562 fiat
1122 523 1247 564 pater,
1276 510 1441 551 Ambro-

182 581 363 636 „fiasque
382 580 612 621 choraules.“
635 581 703 620 Br.
747 581 877 631 Hujus
900 579 973 619 viri
993 591 1144 618 nomen
1160 575 1445 630 reponendum

150 679 154 686 .
183 647 280 699 effe,
309 650 389 701 jam
424 647 590 704 Scaliger
613 648 766 688 viderat
793 648 837 687 in
868 656 950 685 not·
978 642 1066 686 mst.
1085 667 1150 675 —
1185 648 1235 687 V.
1268 654 1309 696 3.
1339 641 1444 694 ὄνομα

187 724 329 763 τέχνης.
369 715 693 769 quandoquidem
726 713 845 765 hujus
869 714 941 753 viri
963 723 1099 752 cantus
1127 715 1326 752 concinnus
1347 722 1447 763 erat,

179 800 182 802 ’
182 783 322 836 suavis
343 793 381 823 et
405 783 557 839 elegans.
612 780 869 822 Transfertur
898 781 1008 820 enim
1027 787 1067 819 τὸ
1088 786 1262 827 ’γλαφυρὸν
1283 777 1332 820 ab
1354 780 1447 819 artis

192 850 407 904 operibus,
452 863 554 902 quae
584 863 729 904 magna
752 862 843 889 cum
872 848 1074 901 elegantia
1107 846 1308 887 elaborata
1346 843 1453 896 sunt,

190 917 321 968 (unde
342 925 440 963 σῶμα
456 914 646 969 γλαφυρὸν)
677 916 726 956 ad
751 925 910 956 cantum
932 925 973 954 et
993 915 1229 954 orationem.
1270 914 1375 954 Vide
1394 913 1455 953 in-

188 985 327 1039 primis
349 982 591 1036 Eustathium
613 983 661 1024 ad
684 981 822 1038 Odyss.
852 997 891 1036 p.
917 992 935 1023 1
952 991 990 1022 1.
1019 990 1093 1031 23.
1122 991 1160 1020 et
1187 978 1386 1032 Ernqllum
1409 981 1453 1022 iu

190 1054 288 1095 Lex.
307 1049 465 1091 Techn.
491 1051 650 1092 Rhetor.
674 1065 712 1103 p.
734 1051 811 1091 61.
840 1066 902 1078 —
952 1051 1005 1090 V.
1029 1059 1072 1099 4.
1100 1044 1224 1097 ἕβριψεν
1247 1054 1396 1100 αὐλούς,
1411 1048 1456 1088 in

193 1133 321 1174 marg.
341 1120 430 1159 Vat.
453 1119 554 1160 Cod.
605 1117 759 1157 Alcaeus
786 1114 938 1168 Meffin.
971 1119 1041 1169 Ep.
1063 1119 1109 1157 X.
1138 1115 1188 1156 de
1207 1112 1392 1170 Marsyae
1411 1115 1458 1154 ti-

193 1186 291 1227 biis:
325 1193 426 1224 λωτοὶ
445 1186 473 1224 δ’
492 1191 522 1225 οἱ
541 1190 728 1234 κλάζοντες
743 1183 814 1224 ’ἴσον
843 1191 1010 1231 φόρμιγγι
1039 1191 1215 1231 μελιχρόν.
1237 1202 1303 1211 —-
1333 1175 1389 1224 V}
1414 1190 1456 1231 5.

1406 1265 1426 1284 e

198 1293 448 1346 ποικιλέτεςπε·
488 1295 573 1345 σάφ’
601 1294 758 1340 ὑπνώσας.
788 1296 898 1336 Plan.
945 1302 1200 1344 ποικιλότεςρτες
1220 1294 1281 1342 ἀφ’
1310 1290 1460 1335 borio-ica.

200 1363 252 1405 fic
273 1365 362 1406 Vat.
377 1363 478 1405 Cod.
515 1365 605 1414 Qua
634 1364 801 1403 lefflone
821 1363 1020 1415 praeclare
1042 1360 1299 1402 confirmatur
1318 1362 1462 1402 eximia

200 1432 430 1473 emendatio
450 1428 622 1471 Huberti
639 1443 712 1470 van
731 1428 860 1470 Eldick
885 1430 927 1469 in
945 1426 1091 1482 Suspic.
1103 1430 1214 1482 Spec.
1228 1442 1261 1468 c.
1273 1430 1321 1469 V.
1332 1442 1370 1481 p.
1383 1437 1461 1478 27.

201 1513 324 1552 quam
352 1499 426 1540 Br.
455 1499 615 1538 au&01·e
649 1512 731 1537 non
760 1497 933 1536 indicato
965 1496 1134 1548 recepit:
1181 1494 1340 1535 Somnus
1364 1490 1464 1548 'ipfig

192 1567 334 1619 suaves
355 1564 419 1604 hos
439 1578 611 1605 numeros
631 1564 804 1614 audiens,
832 1561 873 1604 in
901 1561 1093 1615 Pasttheae
1112 1561 1212 1603 ulnis
1236 1561 1467 1617 expergifie·

201 1646 327 1674 retur.
348 1654 414 1663 —-
458 1633 632 1688 Elegans
661 1629 861 1673 converfio
896 1641 938 1671 et
969 1630 1132 1671 meliore
1163 1633 1283 1683 poeta
1305 1643 1389 1669 non
1408 1629 1468 1670 in-

201 1699 339 1756 digna.

300 1789 449 1830 XXIX.
484 1788 574 1829 Vat.
599 1787 699 1829 Cod.
720 1801 759 1840 p.
783 1795 892 1838 400.
919 1787 1141 1834 Ἀντιπάτρου
1166 1792 1212 1830 εἷς
1231 1791 1393 1834 Μαρσύαν
1410 1791 1472 1826 ’ῆν

177 1863 180 1870 ’
203 1862 356 1901 αὗλητῆν
375 1861 430 1895 διά
448 1873 484 1894 τι
500 1862 676 1905 γλαφυρὸν
696 1853 752 1899 καὶ
771 1855 916 1902 {amabe
943 1858 1072 1894 αὐλεῖν.
1106 1855 1296 1905 Ineptum
1311 1854 1472 1901 lemma.

204 1926 257 1965 ln
277 1911 434 1976 Plan.p.
451 1925 587 1973 13.St·
609 1932 685 1971 23.
699 1923 765 1961 W.
798 1920 975 1975 Philippo
1002 1920 1219 1968 tribuitur;
1253 1919 1359 1959 haud
1382 1917 1475 1971 scio,

208 2005 261 2030 an
288 1991 442 2031 refflus.
468 2010 536 2019 —
585 1990 782 2041 Scriptum
813 1987 869 2028 est
905 1989 949 2028 in
987 1987 1163 2028 eundem
1204 1985 1472 2041 Glaphyrum‚

209 2070 332 2113 quem
357 2061 473 2110 poeta
495 2058 705 2098 Minervae
734 2055 839 2095 tibiis
862 2056 920 2094 uti
950 2052 1133 2097 affirmat.
1155 2073 1222 2082 —
1251 2055 1300 2093 V.
1321 2063 1362 2094 2.
1385 2066 1475 2102 γλα-

210 2130 316 2174 φόςᾳ.
340 2125 473 2178 vulgo.
516 2130 680 2172 γλκφύςῳ
696 2122 822 2165 Aldus
845 2123 994 2174 reperit
1009 2122 1053 2161 in
1077 2121 1177 2162 Cod.
1197 2131 1238 2161 et
1258 2118 1309 2160 fic
1329 2120 1480 2175 legitur

210 2191 255 2232 in
271 2191 416 2232 Aldina
435 2188 509 2232 sec.
535 2201 576 2230 et
596 2201 687 2231 tert.
708 2200 748 2230 et
766 2191 808 2230 in
828 2191 920 2229 Vat.
946 2188 1048 2231 Cod.
1098 2190 1147 2228 In
1166 2188 1326 2244 vulgata
1346 2178 1483 2227 leffiu-v

210 2271 266 2299 ne
284 2256 422 2298 frustra
445 2255 574 2297 lusum
596 2256 812 2310 quaerebat
824 2256 989 2296 Huetius
1009 2270 1049 2308 p.
1076 2263 1119 2305 5.
1168 2257 1233 2296 De
1255 2254 1478 2309 Glaphyro,

210 2335 402 2378 tanquam
427 2325 479 2364 de
493 2324 659 2365 homine
679 2325 829 2364 eximie
847 2336 909 2375 ap·
932 2325 1125 2363 Romanos
1146 2321 1328 2375 probato,
1354 2318 1484 2374 loqui-

207 2401 277 2433 tur
305 2392 502 2433 Martial.
507 2392 565 2432 L
594 2393 665 2432 1V.
695 2394 768 2444 Ep.
791 2393 838 2432 V.
873 2395 914 2437 8.
918 2380 1002 2421 *—-
1044 2392 1091 2430 V.
1127 2399 1166 2439 3.
1198 2389 1395 2429 Mentitus
1427 2400 1484 2439 es,

206 2456 391 2514 Marsya,
418 2472 516 2499 cum
547 2469 586 2499 te
609 2460 816 2499 Minervae
846 2457 961 2498 tibias
995 2455 1186 2511 reperiffe
1213 2456 1404 2511 gloriatus
1427 2467 1484 2497 es,

209 2546 276 2556 --
295 2528 344 2567 V.
373 2536 415 2577 5
438 2509 685 2580 „Antipater
712 2539 779 2566 eos
798 2525 971 2565 austores
992 2522 1184 2577 sequitur,
1212 2523 1282 2576 qui
1301 2522 1488 2578 Hyagni·

219 2594 351 2640 „dem
377 2590 562 2649 Marsyae
595 2604 751 2648 patrem
781 2590 898 2635 fuifl'e
925 2592 1190 2647 tradiderunt,
1223 2603 1324 2645 quos
1351 2588 1487 2631 laudat
