1598 2866
250 204 344 253 320
512 207 891 239 ,tm-runrnx
948 208 1254 241 τιηεεᾼι.
1334 197 1516 255 11.119.

244 326 287 365 e't
325 321 547 363 venationis
579 300 695 361 deam
726 330 768 360 et
796 318 1001 361 Lucinam.
1032 339 1100 352 ·——
1139 326 1179 366 π.
1212 318 1340 378 119.]
1383 327 1510 375 V.x3.

242 387 405 430 'Eneuffwss
433 386 560 442 (Ἐλθῶ
582 384 716 428 vitiose
734 383 899 443 Berkel.)
918 384 1099 444 ilithyia.
1134 390 1240 431 Vide
1262 390 1414 446 Intrpp.
1433 393 1509 433 He·

236 457 371 511 sychii
397 470 433 497 v.
454 452 615 494 'Eas-1905.
640 473 706 484 ——-
755 455 804 495 V.
827 456 868 497 6.
896 461 1057 498 τοκάδων.
1086 456 1188 498 Cod.
1210 458 1302 500 Vat.
1324 457 1437 500 Berk.
1465 468 1509 500 et

244 522 368 566 Reisk.
393 524 484 564 ‘Hic
505 523 626 562 etiam
648 527 871 569 διδασκᾰμινα
893 522 1004 564 dedit
1029 537 1100 577 pro
1121 524 1292 566 lemene
1312 526 1509 567 membra-

244 605 389 633 narum
415 596 671 636 διδασκόμενοις.
710 590 933 630 Bernardus
962 590 1011 630 ad
1031 591 1180 632 Thom.
1201 593 1312 648 Mag.
1333 607 1372 646 p.
1393 594 1505 636 20'1.

241 664 469 706 δεδισκόμεναη
497 657 674 712 corrigit.
734 657 811 697 Sed
840 658 969 698 verior
1001 657 1057 698 est
1088 658 1319 702 emendatio
1348 658 1512 702 Reiskii.

241 724 418 769 Fortafl'e
439 737 574 766 tamen
593 734 800 777 praeterea
820 724 1140 768 emendandum:

800 814 950 856 φεύγετε
968 807 1140 859 Κρήσσας,
1215 858 1218 866 ¹

442 877 622 926 κεμμάδες,
654 877 692 914 ἐκ
720 881 862 920 τοκάδος
885 884 988 915 τέκνω
1010 882 1246 926 adamannus.

245 956 393 1016 Fugite,
411 961 524 1007 cervi,
542 957 681 1014 fugite
699 958 854 1009 catulos,
887 957 933 999 ab
953 960 1019 1000 hac
1041 959 1213 1013 Cretenfi
1224 973 1347 1002 matre
1364 971 1502 1001 venan-

240 1029 283 1068 di
311 1040 444 1077 artem,
464 1026 619 1069 edoctos.
677 1027 770 1066 Non
803 1027 926 1082 igitur
958 1027 1214 1079 Cretensibus
1250 1024 1399 1080 solum,
1432 1025 1502 1069 sed

241 1094 439 1143 omnibus,
473 1103 670 1146 quotquot
691 1086 791 1144 sunt,
818 1095 940 1134 cervis
959 1093 1096 1150 fugam
1118 1100 1238 1149 poeta
1263 1093 1401 1136 suadet
1409 1104 1437 1143 3⁴
1459 1106 1501 1136 et

240 1163 347 1203 reste
381 1160 495 1201 nobis
529 1154 713 1213 scripfiffe
744 1159 925 1200 videmur
955 1160 1113 1210 Κρήσσας
1134 1169 1291 1214 τοκάδος,
1321 1158 1501 1214 Cretenfis

233 1239 458 1285 puerperae,·
492 1227 599 1280 quod
619 1241 701 1267 non
722 1225 804 1268 {ine
824 1229 1015 1283 gravitate
1034 1230 1207 1280 distum3
1247 1227 1500 1271 fortiffimum

237 1297 349 1338 enim
375 1291 584 1336 Cretenses
602 1306 745 1334 canum
765 1308 906 1351 genus.
954 1295 1099 1336 Pollux
1117 1299 1162 1341 L.
1184 1300 1234 1339 V.
1262 1307 1336 1352 37.

337 1397 523 1440 XXXIX.
578 1397 678 1439 Cod.
708 1399 800 1439 vat.
833 1413 874 1452 p.
906 1409 1017 1449 429.
1052 1399 1129 1441 hoc
1161 1414 1321 1441 carmen
1363 1400 1498 1440 eidem

232 1467 448 1520 Antipatro
478 1464 642 1515 tribuit,
681 1466 794 1517 cujus
826 1465 882 1506 est
911 1466 982 1520 Ep.
1003 1467 1140 1509 Lxlv.
1165 1469 1272 1508 inter
1290 1467 1496 1522 Epigram-

234 1545 342 1575 mata
363 1534 569 1586 Antipatri
586 1531 750 1572 Sidonii.
803 1534 956 1574 Primus
974 1532 1102 1575 edidit
1131 1533 1331 1586 Salmafius
1346 1534 1396 1574 ad
1415 1535 1496 1576 Ser.

233 1600 331 1643 Hist.
351 1604 457 1655 Aug.
480 1602 530 1640 T.
552 1601 582 1640 1.
606 1614 645 1652 p.
673 1603 781 1650 857.
803 1611 845 1640 et
865 1600 949 1654 post
968 1615 1061 1641 eum
1082 1602 1235 1642 Boivin.
1257 1602 1300 1642 in
1310 1602 1496 1644 Memoir.

233 1669 286 1709 de
308 1666 458 1709 l’Acad.
483 1670 534 1707 T.
553 1669 624 1707 111.
646 1681 683 1720 p.
701 1676 808 1719 391.
841 1665 995 1721 Jenfius
1014 1682 1074 1709 nr.
1096 1679 1139 1710 2.
1174 1668 1296 1709 Reisk.
1310 1683 1369 1709 nr.
1386 1670 1445 1718 65
1454 1679 1496 1720 3·

233 1751 273 1790 p.
310 1745 414 1776 112.
473 1736 571 1790 Agit
601 1738 717 1787 potita
745 1735 793 1775 de
825 1735 1060 1776 inventione
1089 1748 1267 1777 rotarum
1298 1737 1343 1777 in
1377 1737 1493 1777 molis

234 1803 403 1857 aquariis
421 1800 704 1843 adhibitarum.
752 1801 857 1843 Vide
877 1802 1036 1854 Salmafi
1060 1804 1109 1843 ad
1130 1805 1254 1844 Solin.
1273 1818 1312 1857 p.
1326 1804 1433 1856 416.
1445 1806 1490 1845 B.

232 1877 300 1901 '-—
318 1873 369 1912 V.
396 1879 435 1912 1.
456 1874 643 1917 ἂλετςίδες.
671 1870 872 1922 mulieres,
899 1883 1002 1923 quae
1031 1872 1179 1911 molam
1203 1870 1386 1911 manibus
1410 1884 1492 1911 mo·

230 1949 358 1980 vent.·
382 1943 540 1985 μυλωςοί.
564 1937 666 1977 Vide
687 1936 900 1977 callimach.
924 1940 976 1978 H.
1000 1938 1044 1979 in
1062 1939 1153 1981 Del.
1173 1948 1284 1990 242.
1313 1949 1356 1978 et
1374 1937 1493 1992 Span-

230 2006 326 2047 hem.
353 2020 392 2058 p.
427 2002 534 2055 526.
587 2003 705 2044 Schol.
734 2003 930 2059 Artstoph.
959 2007 1046 2046 Pac.
1078 2009 1189 2055 258.
1236 2004 1411 2056 Eustath.
1441 2005 1491 2045 ad

231 2070 371 2127 odyss.
389 2086 425 2125 p.
448 2080 558 2122 273.
576 2080 651 2123 25.
673 2081 715 2111 et
733 2079 843 2124 724.
869 2082 890 2122 3
904 2081 939 2111 1.
974 2073 1197 2113 Nonnullos
1212 2081 1274 2118 τὴν
1296 2078 1490 2121 μυλικςεδα

230 2152 372 2181 vocare
403 2141 564 2187 ἂλετςίδα
594 2139 746 2179 notavit
770 2139 914 2179 Pollux
940 2139 1030 2179 Vn.
1057 2149 1127 2190 19.
1146 2158 1213 2172 -——
1264 2142 1314 2181 V.
1338 2149 1383 2181 2.
1412 2156 1493 2188 προ-

229 2215 339 2256 λέγει.
352 2206 452 2249 Cod.
463 2217 504 2246 et
514 2201 621 2262 Jens.
647 2206 931 2248 Soloecismum
943 2206 1100 2258 Salmas:
1113 2204 1358 2247 sustulit.—-
1383 2209 1431 2249 V.
1447 2217 1491 2258 3.

227 2277 275 2317 ln
301 2273 500 2328 posterum
524 2287 605 2314 non
631 2273 813 2314 manibus
843 2287 940 2327 opus
965 2274 1021 2314 est
1038 2275 1087 2315 ad
1108 2275 1254 2315 molam
1275 2273 1487 2330 agendam,

225 2356 318 2383 cum
338 2342 462 2384 Ceres
487 2340 684 2396 Nymphis
714 2337 790 2382 hoc
821 2343 1031 2397 negotium
1059 2341 1336 2383 tribuerit.-·-·
1379 2349 1488 2388 χερῶν

223 2409 415 2451 Boivinus
439 2407 574 2460 dedit,
613 2421 706 2449 cum
735 2409 778 2448 in
800 2408 903 2451 cod.
933 2406 1031 2449 esset
1060 2418 1181 2458 χορῶν.
1231 2408 1337 2450 Illud
1363 2409 1487 2449 etiam

224 2478 417 2533 Heringae
436 2473 547 2517 Obfl'.
567 2489 606 2529 p.
631 2485 650 2515 1
663 2479 740 2528 84.
758 2476 799 2515 in
821 2487 1000 2516 mentem
1018 2488 1183 2517 venerat
1191 2492 1204 2526 3
1232 2474 1298 2517 sed
1313 2473 1487 2516 Reiskim

223 2545 391 2585 alteram
437 2543 619 2596 ejusdem
657 2544 925 2594 conjeauram
961 2551 1062 2592 κορῶν
1101 2543 1301 2597 praetulit.
1369 2543 1487 2594 Quae

222 2611 359 2652 doetus
389 2610 454 2652 hie
491 2610 549 2652 vir
589 2621 798 2664 praeterea
834 2612 1023 2661 tentavit,
1064 2622 1289 2652 memoratu
1318 2609 1486 2664 indigna

1382 2673 1487 2716 sunt.
