<?xml version="1.0" encoding="UTF-8"?>
<!DOCTYPE html PUBLIC "-//W3C//DTD XHTML 1.0 Transitional//EN"
    "http://www.w3.org/TR/xhtml1/DTD/xhtml1-transitional.dtd">
<html xmlns="http://www.w3.org/1999/xhtml" xml:lang="en" lang="en">
 <head>
  <title>
</title>
<meta http-equiv="Content-Type" content="text/html;charset=utf-8" />
  <meta name='ocr-system' content='tesseract 3.04.00' />
  <meta name='ocr-capabilities' content='ocr_page ocr_carea ocr_par ocr_line ocrx_word'/>
</head>
<body>
  <div class='ocr_page' id='page_1' title='image "anthologiagraeca08brunuoft_0302.png"; bbox 0 0 1598 2866; ppageno 0'>
   <div class='ocr_carea' id='block_1_1' title="bbox 184 195 1458 248">
    <p class='ocr_par' dir='ltr' id='par_1_1' title="bbox 184 195 1458 248">
     <span class='ocr_line' id='line_1_1' title="bbox 184 195 1458 248; baseline 0.006 -11"><span class='ocrx_word' id='word_1_1' title='bbox 184 195 281 248; x_wconf 83' lang='lat'>296</span> <span class='ocrx_word' id='word_1_2' title='bbox 437 207 820 247; x_wconf 66' lang='lat' dir='ltr'>An11rA1-R1</span> <span class='ocrx_word' id='word_1_3' title='bbox 880 210 1192 241; x_wconf 71' lang='lat' dir='ltr'><strong>tnzssAt..</strong></span> <span class='ocrx_word' id='word_1_4' title='bbox 1276 203 1458 245; x_wconf 83' lang='lat'><em>11.112.</em></span> 
     </span>
    </p>
   </div>
   <div class='ocr_carea' id='block_1_2' title="bbox 163 319 1477 648">
    <p class='ocr_par' dir='ltr' id='par_1_2' title="bbox 163 319 1458 648">
     <span class='ocr_line' id='line_1_2' title="bbox 189 319 1458 377; baseline 0.003 -16"><span class='ocrx_word' id='word_1_5' title='bbox 189 319 286 361; x_wconf 80' lang='lat' dir='ltr'>Bod.</span> <span class='ocrx_word' id='word_1_6' title='bbox 311 334 334 359; x_wconf 90' lang='lat' dir='ltr'><em>a</em></span> <span class='ocrx_word' id='word_1_7' title='bbox 361 319 491 374; x_wconf 81' lang='lat' dir='ltr'>Stapel</span> <span class='ocrx_word' id='word_1_8' title='bbox 517 320 565 360; x_wconf 88' lang='lat' dir='ltr'>ad</span> <span class='ocrx_word' id='word_1_9' title='bbox 593 319 800 373; x_wconf 82' lang='lat' dir='ltr'><strong>Theophr.</strong></span> <span class='ocrx_word' id='word_1_10' title='bbox 828 323 869 365; x_wconf 85' lang='lat' dir='ltr'>L.</span> <span class='ocrx_word' id='word_1_11' title='bbox 893 322 963 363; x_wconf 86' lang='lat' dir='ltr'>IV.</span> <span class='ocrx_word' id='word_1_12' title='bbox 994 337 1031 375; x_wconf 90' lang='lat' dir='ltr'>p.</span> <span class='ocrx_word' id='word_1_13' title='bbox 1058 333 1167 375; x_wconf 86' lang='lat'>430.</span> <span class='ocrx_word' id='word_1_14' title='bbox 1197 334 1239 363; x_wconf 86' lang='lat' dir='ltr'>et</span> <span class='ocrx_word' id='word_1_15' title='bbox 1271 339 1311 377; x_wconf 89' lang='lat' dir='ltr'>p.</span> <span class='ocrx_word' id='word_1_16' title='bbox 1343 335 1458 376; x_wconf 82' lang='lat'>454.</span> 
     </span>
     <span class='ocr_line' id='line_1_3' title="bbox 190 386 1456 445; baseline 0.004 -18"><span class='ocrx_word' id='word_1_17' title='bbox 190 386 308 427; x_wconf 82' lang='lat' dir='ltr'><em>Schol.</em></span> <span class='ocrx_word' id='word_1_18' title='bbox 329 387 477 440; x_wconf 87' lang='lat' dir='ltr'><em>Juven.</em></span> <span class='ocrx_word' id='word_1_19' title='bbox 501 388 580 427; x_wconf 86' lang='lat' dir='ltr'><strong>Sat.</strong></span> <span class='ocrx_word' id='word_1_20' title='bbox 601 390 630 428; x_wconf 88' lang='lat'>1.</span> <span class='ocrx_word' id='word_1_21' title='bbox 661 396 761 436; x_wconf 88' lang='lat'>155</span> <span class='ocrx_word' id='word_1_22' title='bbox 791 391 900 429; x_wconf 76' lang='lat' dir='ltr'>Nero</span> <span class='ocrx_word' id='word_1_23' title='bbox 921 388 1164 430; x_wconf 79' lang='lat' dir='ltr'>Christianos</span> <span class='ocrx_word' id='word_1_24' title='bbox 1193 391 1315 439; x_wconf 82' lang='lat' dir='ltr'>taeda,</span> <span class='ocrx_word' id='word_1_25' title='bbox 1343 403 1456 445; x_wconf 84' lang='lat' dir='ltr'>papy-</span> 
     </span>
     <span class='ocr_line' id='line_1_4' title="bbox 163 449 1477 523; baseline 0.005 -30"><span class='ocrx_word' id='word_1_26' title='bbox 163 449 165 451; x_wconf 62' lang='grc'><strong>’</strong></span> <span class='ocrx_word' id='word_1_27' title='bbox 190 468 250 506; x_wconf 82' lang='lat' dir='ltr'>ro,</span> <span class='ocrx_word' id='word_1_28' title='bbox 286 467 321 494; x_wconf 85' lang='lat' dir='ltr'>et</span> <span class='ocrx_word' id='word_1_29' title='bbox 346 467 428 494; x_wconf 86' lang='lat' dir='ltr'><em>cera</em></span> <span class='ocrx_word' id='word_1_30' title='bbox 447 453 758 508; x_wconf 83' lang='lat' dir='ltr'>supervestiebat‚</span> <span class='ocrx_word' id='word_1_31' title='bbox 792 468 827 495; x_wconf 84' lang='lat' dir='ltr'>et</span> <span class='ocrx_word' id='word_1_32' title='bbox 849 454 905 508; x_wconf 79' lang='lat' dir='ltr'>fic</span> <span class='ocrx_word' id='word_1_33' title='bbox 923 456 974 496; x_wconf 88' lang='lat' dir='ltr'>ad</span> <span class='ocrx_word' id='word_1_34' title='bbox 1001 460 1122 512; x_wconf 85' lang='lat' dir='ltr'><em>ignem</em></span> <span class='ocrx_word' id='word_1_35' title='bbox 1144 458 1335 499; x_wconf 74' lang='lat' dir='ltr'>admozeri</span> <span class='ocrx_word' id='word_1_36' title='bbox 1344 458 1477 523; x_wconf 86' lang='lat' dir='ltr'><em>jube-</em></span> 
     </span>
     <span class='ocr_line' id='line_1_5' title="bbox 191 519 1455 571; baseline 0.006 -11"><span class='ocrx_word' id='word_1_37' title='bbox 191 519 271 571; x_wconf 78' lang='lat' dir='ltr'><em>bat,</em></span> <span class='ocrx_word' id='word_1_38' title='bbox 305 534 351 560; x_wconf 81' lang='lat' dir='ltr'>ut</span> <span class='ocrx_word' id='word_1_39' title='bbox 371 522 499 561; x_wconf 85' lang='lat' dir='ltr'>melius</span> <span class='ocrx_word' id='word_1_40' title='bbox 520 523 710 562; x_wconf 82' lang='lat' dir='ltr'><em>arderent.</em></span> <span class='ocrx_word' id='word_1_41' title='bbox 747 523 860 563; x_wconf 72' lang='lat' dir='ltr'>Re&amp;e</span> <span class='ocrx_word' id='word_1_42' title='bbox 874 523 1086 564; x_wconf 83' lang='lat' dir='ltr'>Burmann.</span> <span class='ocrx_word' id='word_1_43' title='bbox 1104 525 1278 565; x_wconf 85' lang='lat' dir='ltr'>nostrum</span> <span class='ocrx_word' id='word_1_44' title='bbox 1294 540 1455 567; x_wconf 86' lang='lat' dir='ltr'>carmen</span> 
     </span>
     <span class='ocr_line' id='line_1_6' title="bbox 192 589 1457 648; baseline 0.005 -19"><span class='ocrx_word' id='word_1_45' title='bbox 192 589 368 630; x_wconf 81' lang='lat' dir='ltr'>admovit</span> <span class='ocrx_word' id='word_1_46' title='bbox 388 589 628 629; x_wconf 86' lang='lat' dir='ltr'>carminibus</span> <span class='ocrx_word' id='word_1_47' title='bbox 648 589 835 630; x_wconf 85' lang='lat' dir='ltr'>duobus</span> <span class='ocrx_word' id='word_1_48' title='bbox 824 605 866 630; x_wconf 82' lang='lat' dir='ltr'>ln</span> <span class='ocrx_word' id='word_1_49' title='bbox 888 591 1012 632; x_wconf 87' lang='lat' dir='ltr'><strong>Anth.</strong></span> <span class='ocrx_word' id='word_1_50' title='bbox 1033 593 1117 636; x_wconf 88' lang='lat' dir='ltr'>Lat.</span> <span class='ocrx_word' id='word_1_51' title='bbox 1139 594 1190 633; x_wconf 88' lang='grc' dir='ltr'>Τ.</span> <span class='ocrx_word' id='word_1_52' title='bbox 1213 596 1263 635; x_wconf 88' lang='grc' dir='ltr'><strong>ΙΙ.</strong></span> <span class='ocrx_word' id='word_1_53' title='bbox 1286 608 1324 648; x_wconf 84' lang='grc' dir='ltr'>Ρ.</span> <span class='ocrx_word' id='word_1_54' title='bbox 1345 595 1457 645; x_wconf 82' lang='lat'><strong>462.</strong></span> 
     </span>
    </p>
   </div>
   <div class='ocr_carea' id='block_1_3' title="bbox 326 671 1209 729">
    <p class='ocr_par' dir='ltr' id='par_1_3' title="bbox 326 671 1209 729">
     <span class='ocr_line' id='line_1_7' title="bbox 326 671 1209 729; baseline 0.003 -16"><span class='ocrx_word' id='word_1_55' title='bbox 326 671 448 713; x_wconf 88' lang='lat' dir='ltr'><em>Lenta</em></span> <span class='ocrx_word' id='word_1_56' title='bbox 464 671 727 728; x_wconf 80' lang='lat' dir='ltr'>paludigenam</span> <span class='ocrx_word' id='word_1_57' title='bbox 746 672 896 725; x_wconf 80' lang='lat' dir='ltr'><em>vestivit</em></span> <span class='ocrx_word' id='word_1_58' title='bbox 916 687 996 713; x_wconf 86' lang='lat' dir='ltr'><em>cera</em></span> <span class='ocrx_word' id='word_1_59' title='bbox 1011 687 1209 729; x_wconf 80' lang='lat' dir='ltr'><em>papyrum,</em></span> 
     </span>
    </p>
   </div>
   <div class='ocr_carea' id='block_1_4' title="bbox 194 740 1234 847">
    <p class='ocr_par' dir='ltr' id='par_1_4' title="bbox 194 740 1234 847">
     <span class='ocr_line' id='line_1_8' title="bbox 393 740 1234 795; baseline 0.002 -14"><span class='ocrx_word' id='word_1_60' title='bbox 393 741 555 781; x_wconf 82' lang='lat' dir='ltr'><em>Lumine</em></span> <span class='ocrx_word' id='word_1_61' title='bbox 574 752 619 780; x_wconf 85' lang='lat' dir='ltr'>ut</span> <span class='ocrx_word' id='word_1_62' title='bbox 637 740 784 792; x_wconf 86' lang='lat' dir='ltr'><em>accenso</em></span> <span class='ocrx_word' id='word_1_63' title='bbox 804 741 891 781; x_wconf 81' lang='lat' dir='ltr'>dent</span> <span class='ocrx_word' id='word_1_64' title='bbox 912 741 1089 782; x_wconf 84' lang='lat' dir='ltr'>alimenta</span> <span class='ocrx_word' id='word_1_65' title='bbox 1105 741 1234 795; x_wconf 84' lang='lat' dir='ltr'>fimul.</span> 
     </span>
     <span class='ocr_line' id='line_1_9' title="bbox 194 815 259 847; baseline -0.015 0"><span class='ocrx_word' id='word_1_66' title='bbox 194 815 259 847; x_wconf 81' lang='lat' dir='ltr'>et:</span> 
     </span>
    </p>
   </div>
   <div class='ocr_carea' id='block_1_5' title="bbox 334 864 1424 931">
    <p class='ocr_par' dir='ltr' id='par_1_5' title="bbox 334 864 1424 931">
     <span class='ocr_line' id='line_1_10' title="bbox 334 864 1424 931; baseline 0.004 -17"><span class='ocrx_word' id='word_1_67' title='bbox 334 873 388 914; x_wconf 78' lang='lat' dir='ltr'>Ut</span> <span class='ocrx_word' id='word_1_68' title='bbox 416 873 548 913; x_wconf 83' lang='lat' dir='ltr'>devota</span> <span class='ocrx_word' id='word_1_69' title='bbox 561 876 638 927; x_wconf 86' lang='lat' dir='ltr'>piis</span> <span class='ocrx_word' id='word_1_70' title='bbox 661 873 868 924; x_wconf 68' lang='lat' dir='ltr'>claresbant</span> <span class='ocrx_word' id='word_1_71' title='bbox 898 875 1043 916; x_wconf 79' lang='lat' dir='ltr'><em>Iumina</em></span> <span class='ocrx_word' id='word_1_72' title='bbox 1063 876 1226 931; x_wconf 86' lang='lat' dir='ltr'>templis,</span> <span class='ocrx_word' id='word_1_73' title='bbox 1404 864 1424 881; x_wconf 69' lang='lat'>⁸</span> 
     </span>
    </p>
   </div>
   <div class='ocr_carea' id='block_1_6' title="bbox 396 940 1148 983">
    <p class='ocr_par' dir='ltr' id='par_1_6' title="bbox 396 940 1148 983">
     <span class='ocr_line' id='line_1_11' title="bbox 396 940 1148 983; baseline 0.003 -2"><span class='ocrx_word' id='word_1_74' title='bbox 396 940 591 981; x_wconf 83' lang='lat' dir='ltr'>Niliacam</span> <span class='ocrx_word' id='word_1_75' title='bbox 611 944 712 981; x_wconf 81' lang='lat' dir='ltr'><em>texit</em></span> <span class='ocrx_word' id='word_1_76' title='bbox 737 955 835 982; x_wconf 86' lang='lat' dir='ltr'><em>cerea</em></span> <span class='ocrx_word' id='word_1_77' title='bbox 854 941 978 983; x_wconf 88' lang='lat' dir='ltr'><em>lamna</em></span> <span class='ocrx_word' id='word_1_78' title='bbox 999 942 1148 983; x_wconf 83' lang='lat' dir='ltr'>budam.</span> 
     </span>
    </p>
   </div>
   <div class='ocr_carea' id='block_1_7' title="bbox 195 1023 1463 1883">
    <p class='ocr_par' dir='ltr' id='par_1_7' title="bbox 195 1023 1463 1883">
     <span class='ocr_line' id='line_1_12' title="bbox 198 1023 1460 1079; baseline 0.002 -14"><span class='ocrx_word' id='word_1_79' title='bbox 198 1024 391 1065; x_wconf 86' lang='lat' dir='ltr'>Ceterum</span> <span class='ocrx_word' id='word_1_80' title='bbox 421 1030 561 1072; x_wconf 68' lang='grc' dir='ltr'>πκπύςῳ</span> <span class='ocrx_word' id='word_1_81' title='bbox 591 1023 631 1065; x_wconf 85' lang='lat' dir='ltr'>h.</span> <span class='ocrx_word' id='word_1_82' title='bbox 663 1026 687 1063; x_wconf 90' lang='lat' dir='ltr'>l.</span> <span class='ocrx_word' id='word_1_83' title='bbox 722 1026 895 1065; x_wconf 89' lang='lat' dir='ltr'>mediam</span> <span class='ocrx_word' id='word_1_84' title='bbox 925 1028 1100 1079; x_wconf 81' lang='lat' dir='ltr'><strong>corripit.</strong></span> <span class='ocrx_word' id='word_1_85' title='bbox 1140 1028 1270 1068; x_wconf 87' lang='lat' dir='ltr'>Latini</span> <span class='ocrx_word' id='word_1_86' title='bbox 1289 1026 1460 1069; x_wconf 86' lang='lat' dir='ltr'>eandem</span> 
     </span>
     <span class='ocr_line' id='line_1_13' title="bbox 195 1088 1461 1151; baseline 0.002 -18"><span class='ocrx_word' id='word_1_87' title='bbox 195 1088 387 1146; x_wconf 68' lang='lat' dir='ltr'>syllabam</span> <span class='ocrx_word' id='word_1_88' title='bbox 406 1090 628 1131; x_wconf 84' lang='lat' dir='ltr'>constanter</span> <span class='ocrx_word' id='word_1_89' title='bbox 655 1093 892 1144; x_wconf 87' lang='lat' dir='ltr'>producunt,</span> <span class='ocrx_word' id='word_1_90' title='bbox 924 1096 1150 1135; x_wconf 82' lang='lat' dir='ltr'>Atticorum</span> <span class='ocrx_word' id='word_1_91' title='bbox 1167 1095 1279 1151; x_wconf 17' lang='lat' dir='ltr'>insen</span> <span class='ocrx_word' id='word_1_92' title='bbox 1295 1092 1461 1136; x_wconf 84' lang='lat' dir='ltr'>consue-</span> 
     </span>
     <span class='ocr_line' id='line_1_14' title="bbox 196 1155 1461 1214; baseline 0.003 -16"><span class='ocrx_word' id='word_1_93' title='bbox 196 1157 378 1198; x_wconf 78' lang='lat' dir='ltr'>tudinem</span> <span class='ocrx_word' id='word_1_94' title='bbox 414 1155 557 1204; x_wconf 78' lang='lat' dir='ltr'>secuti,</span> <span class='ocrx_word' id='word_1_95' title='bbox 590 1157 616 1197; x_wconf 86' lang='lat' dir='ltr'>fi</span> <span class='ocrx_word' id='word_1_96' title='bbox 651 1158 748 1199; x_wconf 81' lang='lat' dir='ltr'>fides</span> <span class='ocrx_word' id='word_1_97' title='bbox 778 1159 950 1200; x_wconf 87' lang='lat' dir='ltr'><em>Moeridi</em></span> <span class='ocrx_word' id='word_1_98' title='bbox 975 1176 1011 1214; x_wconf 82' lang='lat' dir='ltr'>p.</span> <span class='ocrx_word' id='word_1_99' title='bbox 1047 1171 1155 1211; x_wconf 86' lang='lat'><em>311.</em></span> <span class='ocrx_word' id='word_1_100' title='bbox 1178 1183 1244 1193; x_wconf 89' lang='lat'><strong>—</strong></span> <span class='ocrx_word' id='word_1_101' title='bbox 1278 1165 1329 1203; x_wconf 80' lang='lat' dir='ltr'>V.</span> <span class='ocrx_word' id='word_1_102' title='bbox 1358 1173 1398 1214; x_wconf 81' lang='lat'>3.</span> <span class='ocrx_word' id='word_1_103' title='bbox 1421 1158 1461 1207; x_wconf 67' lang='grc' dir='ltr'>»ἲν</span> 
     </span>
     <span class='ocr_line' id='line_1_15' title="bbox 196 1224 1462 1281; baseline 0.004 -16"><span class='ocrx_word' id='word_1_104' title='bbox 196 1230 233 1265; x_wconf 81' lang='grc' dir='ltr'>δέ</span> <span class='ocrx_word' id='word_1_105' title='bbox 255 1225 291 1272; x_wconf 87' lang='grc' dir='ltr'>μ’</span> <span class='ocrx_word' id='word_1_106' title='bbox 307 1229 359 1266; x_wconf 70' lang='grc' dir='ltr'>ἂν.</span> <span class='ocrx_word' id='word_1_107' title='bbox 391 1225 499 1277; x_wconf 88' lang='lat' dir='ltr'>quod</span> <span class='ocrx_word' id='word_1_108' title='bbox 519 1224 544 1264; x_wconf 83' lang='lat' dir='ltr'>fi</span> <span class='ocrx_word' id='word_1_109' title='bbox 570 1239 635 1265; x_wconf 88' lang='lat' dir='ltr'>me</span> <span class='ocrx_word' id='word_1_110' title='bbox 669 1227 886 1267; x_wconf 86' lang='lat' dir='ltr'>accendens</span> <span class='ocrx_word' id='word_1_111' title='bbox 909 1240 1046 1281; x_wconf 88' lang='lat' dir='ltr'><strong>preces</strong></span> <span class='ocrx_word' id='word_1_112' title='bbox 1067 1229 1116 1268; x_wconf 89' lang='lat' dir='ltr'>ad</span> <span class='ocrx_word' id='word_1_113' title='bbox 1138 1231 1353 1270; x_wconf 82' lang='lat' dir='ltr'>Saturnum</span> <span class='ocrx_word' id='word_1_114' title='bbox 1370 1229 1462 1270; x_wconf 89' lang='lat' dir='ltr'>fun-</span> 
     </span>
     <span class='ocr_line' id='line_1_16' title="bbox 198 1292 1462 1348; baseline 0.005 -16"><span class='ocrx_word' id='word_1_115' title='bbox 198 1292 279 1332; x_wconf 84' lang='lat' dir='ltr'>det.</span> <span class='ocrx_word' id='word_1_116' title='bbox 322 1294 409 1332; x_wconf 85' lang='lat' dir='ltr'>Hoc</span> <span class='ocrx_word' id='word_1_117' title='bbox 441 1303 592 1332; x_wconf 79' lang='lat' dir='ltr'><strong>veteres</strong></span> <span class='ocrx_word' id='word_1_118' title='bbox 620 1293 807 1334; x_wconf 85' lang='lat' dir='ltr'>dicebant</span> <span class='ocrx_word' id='word_1_119' title='bbox 831 1294 944 1335; x_wconf 87' lang='lat' dir='ltr'>lucem</span> <span class='ocrx_word' id='word_1_120' title='bbox 968 1293 1140 1336; x_wconf 86' lang='lat' dir='ltr'><em>Saturno</em></span> <span class='ocrx_word' id='word_1_121' title='bbox 1159 1296 1306 1348; x_wconf 81' lang='lat' dir='ltr'><em>facere,</em></span> <span class='ocrx_word' id='word_1_122' title='bbox 1337 1298 1462 1337; x_wconf 88' lang='lat' dir='ltr'><strong>inter·</strong></span> 
     </span>
     <span class='ocr_line' id='line_1_17' title="bbox 198 1359 1460 1418; baseline 0.004 -19"><span class='ocrx_word' id='word_1_123' title='bbox 198 1369 313 1412; x_wconf 82' lang='lat' dir='ltr'><strong>prete</strong></span> <span class='ocrx_word' id='word_1_124' title='bbox 346 1359 534 1414; x_wconf 84' lang='lat' dir='ltr'><em>Scaligero</em></span> <span class='ocrx_word' id='word_1_125' title='bbox 553 1362 580 1399; x_wconf 82' lang='lat' dir='ltr'>l.</span> <span class='ocrx_word' id='word_1_126' title='bbox 603 1374 634 1400; x_wconf 86' lang='lat' dir='ltr'>e.</span> <span class='ocrx_word' id='word_1_127' title='bbox 661 1381 719 1389; x_wconf 89' lang='lat'>—-</span> <span class='ocrx_word' id='word_1_128' title='bbox 767 1361 902 1417; x_wconf 89' lang='lat' dir='ltr'>Vulgo</span> <span class='ocrx_word' id='word_1_129' title='bbox 926 1366 1130 1402; x_wconf 66' lang='grc' dir='ltr'><strong><em>ἃκουσόθεον</em></strong></span> <span class='ocrx_word' id='word_1_130' title='bbox 1159 1365 1321 1418; x_wconf 83' lang='lat' dir='ltr'>legitur,</span> <span class='ocrx_word' id='word_1_131' title='bbox 1350 1363 1460 1416; x_wconf 85' lang='lat' dir='ltr'>quod</span> 
     </span>
     <span class='ocr_line' id='line_1_18' title="bbox 197 1425 1460 1481; baseline 0.004 -15"><span class='ocrx_word' id='word_1_132' title='bbox 197 1427 278 1478; x_wconf 83' lang='lat' dir='ltr'>jam</span> <span class='ocrx_word' id='word_1_133' title='bbox 310 1425 476 1481; x_wconf 77' lang='lat' dir='ltr'><em>Scaliger</em></span> <span class='ocrx_word' id='word_1_134' title='bbox 506 1427 548 1466; x_wconf 87' lang='lat' dir='ltr'>in</span> <span class='ocrx_word' id='word_1_135' title='bbox 575 1432 773 1468; x_wconf 68' lang='grc' dir='ltr'><strong><em>ἄκουσίῖὶεον</em></strong></span> <span class='ocrx_word' id='word_1_136' title='bbox 804 1430 986 1472; x_wconf 82' lang='lat' dir='ltr'>mutavit.</span> <span class='ocrx_word' id='word_1_137' title='bbox 1038 1431 1151 1471; x_wconf 87' lang='lat' dir='ltr'>Idem</span> <span class='ocrx_word' id='word_1_138' title='bbox 1173 1429 1335 1470; x_wconf 85' lang='lat' dir='ltr'>voluiffe</span> <span class='ocrx_word' id='word_1_139' title='bbox 1355 1431 1460 1471; x_wconf 86' lang='lat' dir='ltr'>Hue-</span> 
     </span>
     <span class='ocr_line' id='line_1_19' title="bbox 199 1494 1462 1552; baseline 0.004 -19"><span class='ocrx_word' id='word_1_140' title='bbox 199 1496 300 1533; x_wconf 81' lang='lat' dir='ltr'>tium</span> <span class='ocrx_word' id='word_1_141' title='bbox 321 1506 358 1544; x_wconf 86' lang='lat' dir='ltr'>p.</span> <span class='ocrx_word' id='word_1_142' title='bbox 385 1505 462 1543; x_wconf 79' lang='lat'>40.</span> <span class='ocrx_word' id='word_1_143' title='bbox 490 1494 558 1534; x_wconf 89' lang='lat' dir='ltr'>ubi</span> <span class='ocrx_word' id='word_1_144' title='bbox 582 1498 770 1535; x_wconf 59' lang='grc' dir='ltr'>ἐκσυσίθεον</span> <span class='ocrx_word' id='word_1_145' title='bbox 799 1496 970 1552; x_wconf 84' lang='lat' dir='ltr'>legitur,</span> <span class='ocrx_word' id='word_1_146' title='bbox 1006 1497 1139 1537; x_wconf 88' lang='lat' dir='ltr'>nullus</span> <span class='ocrx_word' id='word_1_147' title='bbox 1159 1497 1313 1538; x_wconf 87' lang='lat' dir='ltr'>dubito.</span> <span class='ocrx_word' id='word_1_148' title='bbox 1359 1499 1462 1538; x_wconf 85' lang='lat' dir='ltr'>Niti-</span> 
     </span>
     <span class='ocr_line' id='line_1_20' title="bbox 200 1559 1462 1606; baseline 0.005 -7"><span class='ocrx_word' id='word_1_149' title='bbox 200 1570 266 1600; x_wconf 87' lang='lat' dir='ltr'>tur</span> <span class='ocrx_word' id='word_1_150' title='bbox 288 1571 420 1600; x_wconf 86' lang='lat' dir='ltr'>autem</span> <span class='ocrx_word' id='word_1_151' title='bbox 445 1559 543 1601; x_wconf 81' lang='lat' dir='ltr'>haec</span> <span class='ocrx_word' id='word_1_152' title='bbox 571 1563 684 1602; x_wconf 72' lang='lat' dir='ltr'>leffio</span> <span class='ocrx_word' id='word_1_153' title='bbox 715 1563 946 1604; x_wconf 63' lang='lat' dir='ltr'>aufiloritate</span> <span class='ocrx_word' id='word_1_154' title='bbox 967 1563 1291 1604; x_wconf 68' lang='lat' dir='ltr'>membranarum</span> <span class='ocrx_word' id='word_1_155' title='bbox 1311 1576 1352 1606; x_wconf 87' lang='lat' dir='ltr'>et</span> <span class='ocrx_word' id='word_1_156' title='bbox 1375 1565 1462 1605; x_wconf 84' lang='lat' dir='ltr'>Sui-</span> 
     </span>
     <span class='ocr_line' id='line_1_21' title="bbox 201 1627 1463 1681; baseline 0.003 -14"><span class='ocrx_word' id='word_1_157' title='bbox 201 1627 267 1667; x_wconf 78' lang='lat' dir='ltr'>dae</span> <span class='ocrx_word' id='word_1_158' title='bbox 286 1628 337 1667; x_wconf 85' lang='lat' dir='ltr'>T.</span> <span class='ocrx_word' id='word_1_159' title='bbox 357 1628 388 1668; x_wconf 85' lang='grc' dir='ltr'><strong>Ῑ.</strong></span> <span class='ocrx_word' id='word_1_160' title='bbox 409 1643 447 1681; x_wconf 82' lang='lat' dir='ltr'>p.</span> <span class='ocrx_word' id='word_1_161' title='bbox 475 1632 544 1678; x_wconf 79' lang='lat'>89.</span> <span class='ocrx_word' id='word_1_162' title='bbox 577 1632 788 1670; x_wconf 68' lang='grc' dir='ltr'><strong>ἆκουσίθεον.</strong></span> <span class='ocrx_word' id='word_1_163' title='bbox 830 1637 869 1670; x_wconf 80' lang='grc' dir='ltr'>τὸ</span> <span class='ocrx_word' id='word_1_164' title='bbox 891 1638 937 1676; x_wconf 75' lang='grc' dir='ltr'>εἷς</span> <span class='ocrx_word' id='word_1_165' title='bbox 964 1634 1048 1670; x_wconf 67' lang='grc' dir='ltr'>θεοῦ</span> <span class='ocrx_word' id='word_1_166' title='bbox 1068 1637 1172 1676; x_wconf 63' lang='grc' dir='ltr'><strong><em>ἀκοὰς</em></strong></span> <span class='ocrx_word' id='word_1_167' title='bbox 1202 1637 1391 1680; x_wconf 67' lang='grc' dir='ltr'><strong>ἐρχόμενον.</strong></span> <span class='ocrx_word' id='word_1_168' title='bbox 1424 1629 1463 1677; x_wconf 60' lang='grc' dir='ltr'>ἦν</span> 
     </span>
     <span class='ocr_line' id='line_1_22' title="bbox 201 1686 1463 1746; baseline 0.005 -12"><span class='ocrx_word' id='word_1_169' title='bbox 201 1686 267 1736; x_wconf 33' lang='grc' dir='ltr'><strong>δέ’.</strong></span> <span class='ocrx_word' id='word_1_170' title='bbox 290 1725 300 1735; x_wconf 93' lang='grc'><strong>.</strong></span> <span class='ocrx_word' id='word_1_171' title='bbox 325 1723 335 1735; x_wconf 80' lang='grc'><strong>.</strong></span> <span class='ocrx_word' id='word_1_172' title='bbox 359 1724 370 1736; x_wconf 82' lang='grc'><strong>.</strong></span> <span class='ocrx_word' id='word_1_173' title='bbox 405 1696 515 1735; x_wconf 84' lang='lat' dir='ltr'>Male</span> <span class='ocrx_word' id='word_1_174' title='bbox 538 1696 592 1735; x_wconf 77' lang='lat' dir='ltr'>ibi</span> <span class='ocrx_word' id='word_1_175' title='bbox 614 1693 771 1742; x_wconf 60' lang='grc' dir='ltr'>εὔχηται,</span> <span class='ocrx_word' id='word_1_176' title='bbox 793 1717 857 1729; x_wconf 90' lang='lat'>·-</span> <span class='ocrx_word' id='word_1_177' title='bbox 890 1705 1022 1746; x_wconf 76' lang='grc' dir='ltr'><em>φέγγος</em></span> <span class='ocrx_word' id='word_1_178' title='bbox 1045 1703 1241 1739; x_wconf 66' lang='grc' dir='ltr'><strong><em>ἄκουσίθεον</em></strong></span> <span class='ocrx_word' id='word_1_179' title='bbox 1260 1700 1463 1740; x_wconf 88' lang='lat' dir='ltr'>flammam</span> 
     </span>
     <span class='ocr_line' id='line_1_23' title="bbox 200 1761 1462 1818; baseline 0.005 -16"><span class='ocrx_word' id='word_1_180' title='bbox 200 1762 298 1803; x_wconf 84' lang='lat' dir='ltr'>boni</span> <span class='ocrx_word' id='word_1_181' title='bbox 316 1762 458 1802; x_wconf 78' lang='lat' dir='ltr'>ominis</span> <span class='ocrx_word' id='word_1_182' title='bbox 485 1761 565 1803; x_wconf 80' lang='lat' dir='ltr'>effe</span> <span class='ocrx_word' id='word_1_183' title='bbox 585 1776 695 1816; x_wconf 89' lang='lat' dir='ltr'>puto,</span> <span class='ocrx_word' id='word_1_184' title='bbox 725 1778 828 1817; x_wconf 80' lang='lat' dir='ltr'>quae</span> <span class='ocrx_word' id='word_1_185' title='bbox 857 1779 1005 1818; x_wconf 83' lang='lat' dir='ltr'><strong>preces,</strong></span> <span class='ocrx_word' id='word_1_186' title='bbox 1034 1780 1163 1806; x_wconf 82' lang='lat' dir='ltr'>emam</span> <span class='ocrx_word' id='word_1_187' title='bbox 1186 1766 1351 1807; x_wconf 74' lang='lat' dir='ltr'>candela</span> <span class='ocrx_word' id='word_1_188' title='bbox 1371 1781 1462 1808; x_wconf 81' lang='lat' dir='ltr'><strong>con·</strong></span> 
     </span>
     <span class='ocr_line' id='line_1_24' title="bbox 201 1829 1226 1883; baseline 0.003 -13"><span class='ocrx_word' id='word_1_189' title='bbox 201 1839 344 1883; x_wconf 80' lang='lat' dir='ltr'><strong>ceptaS‚</strong></span> <span class='ocrx_word' id='word_1_190' title='bbox 378 1829 424 1869; x_wconf 88' lang='lat' dir='ltr'>ad</span> <span class='ocrx_word' id='word_1_191' title='bbox 447 1829 614 1870; x_wconf 79' lang='lat' dir='ltr'>deorum</span> <span class='ocrx_word' id='word_1_192' title='bbox 634 1844 747 1872; x_wconf 80' lang='lat' dir='ltr'>aures</span> <span class='ocrx_word' id='word_1_193' title='bbox 768 1831 991 1883; x_wconf 74' lang='lat' dir='ltr'>pervenisse</span> <span class='ocrx_word' id='word_1_194' title='bbox 1012 1833 1226 1876; x_wconf 83' lang='lat' dir='ltr'><strong>indicabat.</strong></span> 
     </span>
    </p>
   </div>
   <div class='ocr_carea' id='block_1_8' title="bbox 202 1883 1470 2661">
    <p class='ocr_par' dir='ltr' id='par_1_8' title="bbox 202 1883 1470 2661">
     <span class='ocr_line' id='line_1_25' title="bbox 302 1883 1468 1989; baseline 0.004 -17"><span class='ocrx_word' id='word_1_195' title='bbox 302 1930 410 1972; x_wconf 74' lang='lat' dir='ltr'><em>XIV.</em></span> <span class='ocrx_word' id='word_1_196' title='bbox 442 1932 542 1973; x_wconf 87' lang='lat' dir='ltr'>Cod.</span> <span class='ocrx_word' id='word_1_197' title='bbox 554 1935 641 1973; x_wconf 86' lang='lat' dir='ltr'><strong>Vat.</strong></span> <span class='ocrx_word' id='word_1_198' title='bbox 653 1949 692 1986; x_wconf 89' lang='lat' dir='ltr'>p</span> <span class='ocrx_word' id='word_1_199' title='bbox 705 1943 814 1984; x_wconf 87' lang='lat'>431.</span> <span class='ocrx_word' id='word_1_200' title='bbox 826 1935 954 1975; x_wconf 75' lang='grc' dir='ltr'><strong>Ἀντιπ.</strong></span> <span class='ocrx_word' id='word_1_201' title='bbox 968 1947 1071 1976; x_wconf 81' lang='grc' dir='ltr'><strong>Θεσσ.</strong></span> <span class='ocrx_word' id='word_1_202' title='bbox 1107 1938 1151 1976; x_wconf 82' lang='lat' dir='ltr'>In</span> <span class='ocrx_word' id='word_1_203' title='bbox 1164 1937 1272 1978; x_wconf 85' lang='lat' dir='ltr'>Plan·</span> <span class='ocrx_word' id='word_1_204' title='bbox 1262 1950 1320 1989; x_wconf 71' lang='lat' dir='ltr'>up.</span> <span class='ocrx_word' id='word_1_205' title='bbox 1328 1945 1399 1986; x_wconf 76' lang='lat'>35</span> <span class='ocrx_word' id='word_1_206' title='bbox 1402 1883 1468 1978; x_wconf 43' lang='grc' dir='ltr'><strong><em>ἔ</em></strong></span> 
     </span>
     <span class='ocr_line' id='line_1_26' title="bbox 206 2000 1463 2058; baseline 0.004 -20"><span class='ocrx_word' id='word_1_207' title='bbox 206 2008 281 2049; x_wconf 77' lang='lat'>52.</span> <span class='ocrx_word' id='word_1_208' title='bbox 302 2000 364 2037; x_wconf 89' lang='lat' dir='ltr'>W.</span> <span class='ocrx_word' id='word_1_209' title='bbox 387 2000 540 2054; x_wconf 83' lang='lat' dir='ltr'><strong>gentile</strong></span> <span class='ocrx_word' id='word_1_210' title='bbox 565 2014 645 2039; x_wconf 80' lang='lat' dir='ltr'>non</span> <span class='ocrx_word' id='word_1_211' title='bbox 672 2001 842 2041; x_wconf 81' lang='lat' dir='ltr'>additur.</span> <span class='ocrx_word' id='word_1_212' title='bbox 885 2002 980 2055; x_wconf 86' lang='lat' dir='ltr'>Jos</span> <span class='ocrx_word' id='word_1_213' title='bbox 999 2002 1176 2058; x_wconf 80' lang='lat' dir='ltr'><em>Scaliger,</em></span> <span class='ocrx_word' id='word_1_214' title='bbox 1198 2004 1268 2055; x_wconf 88' lang='lat' dir='ltr'>qui</span> <span class='ocrx_word' id='word_1_215' title='bbox 1291 2002 1367 2042; x_wconf 82' lang='lat' dir='ltr'>hoc</span> <span class='ocrx_word' id='word_1_216' title='bbox 1383 2016 1463 2043; x_wconf 81' lang='lat' dir='ltr'><strong>car-</strong></span> 
     </span>
     <span class='ocr_line' id='line_1_27' title="bbox 202 2067 1463 2123; baseline 0.002 -16"><span class='ocrx_word' id='word_1_217' title='bbox 202 2078 298 2107; x_wconf 84' lang='lat' dir='ltr'>men</span> <span class='ocrx_word' id='word_1_218' title='bbox 322 2076 513 2120; x_wconf 81' lang='lat' dir='ltr'>tanquam</span> <span class='ocrx_word' id='word_1_219' title='bbox 528 2067 679 2107; x_wconf 79' lang='lat' dir='ltr'><em>Sidonii</em></span> <span class='ocrx_word' id='word_1_220' title='bbox 701 2069 908 2123; x_wconf 82' lang='lat' dir='ltr'><em>Antipatri</em></span> <span class='ocrx_word' id='word_1_221' title='bbox 937 2083 1034 2122; x_wconf 89' lang='lat' dir='ltr'>opus</span> <span class='ocrx_word' id='word_1_222' title='bbox 1054 2068 1205 2122; x_wconf 83' lang='lat' dir='ltr'>profert</span> <span class='ocrx_word' id='word_1_223' title='bbox 1226 2070 1275 2109; x_wconf 88' lang='lat' dir='ltr'>ad</span> <span class='ocrx_word' id='word_1_224' title='bbox 1296 2070 1463 2110; x_wconf 78' lang='lat' dir='ltr'><strong>Hieron.</strong></span> 
     </span>
     <span class='ocr_line' id='line_1_28' title="bbox 205 2132 1465 2189; baseline 0.001 -14"><span class='ocrx_word' id='word_1_225' title='bbox 205 2133 358 2175; x_wconf 85' lang='lat' dir='ltr'>Chron.</span> <span class='ocrx_word' id='word_1_226' title='bbox 380 2148 418 2185; x_wconf 89' lang='lat' dir='ltr'>p.</span> <span class='ocrx_word' id='word_1_227' title='bbox 446 2145 550 2184; x_wconf 81' lang='lat'>152.</span> <span class='ocrx_word' id='word_1_228' title='bbox 580 2132 766 2186; x_wconf 83' lang='lat' dir='ltr'>seriptum</span> <span class='ocrx_word' id='word_1_229' title='bbox 802 2135 966 2188; x_wconf 83' lang='lat' dir='ltr'>putabat</span> <span class='ocrx_word' id='word_1_230' title='bbox 994 2138 1037 2176; x_wconf 89' lang='lat' dir='ltr'>in</span> <span class='ocrx_word' id='word_1_231' title='bbox 1060 2138 1118 2177; x_wconf 91' lang='lat' dir='ltr'>M.</span> <span class='ocrx_word' id='word_1_232' title='bbox 1137 2138 1359 2185; x_wconf 86' lang='lat' dir='ltr'>Lucullum,</span> <span class='ocrx_word' id='word_1_233' title='bbox 1393 2138 1465 2189; x_wconf 87' lang='lat' dir='ltr'>qui</span> 
     </span>
     <span class='ocr_line' id='line_1_29' title="bbox 203 2199 1465 2258; baseline 0.002 -18"><span class='ocrx_word' id='word_1_234' title='bbox 203 2199 323 2251; x_wconf 85' lang='lat' dir='ltr'>hujus</span> <span class='ocrx_word' id='word_1_235' title='bbox 355 2205 495 2252; x_wconf 55' lang='lat' dir='ltr'><strong>poetae</strong></span> <span class='ocrx_word' id='word_1_236' title='bbox 522 2213 653 2241; x_wconf 78' lang='lat' dir='ltr'>aetate</span> <span class='ocrx_word' id='word_1_237' title='bbox 684 2202 734 2242; x_wconf 83' lang='lat' dir='ltr'>de</span> <span class='ocrx_word' id='word_1_238' title='bbox 773 2203 890 2243; x_wconf 84' lang='lat' dir='ltr'><strong>Beffis</strong></span> <span class='ocrx_word' id='word_1_239' title='bbox 927 2203 1196 2254; x_wconf 81' lang='lat' dir='ltr'><strong>triumphavit.</strong></span> <span class='ocrx_word' id='word_1_240' title='bbox 1251 2203 1465 2258; x_wconf 75' lang='lat' dir='ltr'>Opfhpoeus</span> 
     </span>
     <span class='ocr_line' id='line_1_30' title="bbox 203 2267 1467 2326; baseline 0.002 -19"><span class='ocrx_word' id='word_1_241' title='bbox 203 2279 339 2307; x_wconf 82' lang='lat' dir='ltr'>autem</span> <span class='ocrx_word' id='word_1_242' title='bbox 370 2267 421 2307; x_wconf 89' lang='lat' dir='ltr'>de</span> <span class='ocrx_word' id='word_1_243' title='bbox 456 2268 631 2322; x_wconf 76' lang='lat' dir='ltr'>Philippo</span> <span class='ocrx_word' id='word_1_244' title='bbox 667 2269 832 2321; x_wconf 84' lang='lat' dir='ltr'>putabat</span> <span class='ocrx_word' id='word_1_245' title='bbox 866 2271 943 2326; x_wconf 85' lang='lat' dir='ltr'>agi,</span> <span class='ocrx_word' id='word_1_246' title='bbox 982 2272 1183 2311; x_wconf 74' lang='lat' dir='ltr'>Demetrii</span> <span class='ocrx_word' id='word_1_247' title='bbox 1211 2269 1308 2320; x_wconf 83' lang='lat' dir='ltr'><strong>filio,</strong></span> <span class='ocrx_word' id='word_1_248' title='bbox 1342 2284 1467 2324; x_wconf 89' lang='lat' dir='ltr'>quem</span> 
     </span>
     <span class='ocr_line' id='line_1_31' title="bbox 203 2333 1466 2391; baseline 0.002 -17"><span class='ocrx_word' id='word_1_249' title='bbox 203 2336 302 2374; x_wconf 88' lang='lat' dir='ltr'>item</span> <span class='ocrx_word' id='word_1_250' title='bbox 335 2333 440 2374; x_wconf 86' lang='lat' dir='ltr'>bella</span> <span class='ocrx_word' id='word_1_251' title='bbox 473 2349 562 2374; x_wconf 86' lang='lat' dir='ltr'>curn</span> <span class='ocrx_word' id='word_1_252' title='bbox 591 2336 708 2380; x_wconf 77' lang='lat' dir='ltr'>Bellis</span> <span class='ocrx_word' id='word_1_253' title='bbox 739 2334 892 2391; x_wconf 81' lang='lat' dir='ltr'>geffisse</span> <span class='ocrx_word' id='word_1_254' title='bbox 914 2338 1072 2379; x_wconf 85' lang='lat' dir='ltr'>constat.</span> <span class='ocrx_word' id='word_1_255' title='bbox 1138 2338 1250 2378; x_wconf 84' lang='lat' dir='ltr'>Nihil</span> <span class='ocrx_word' id='word_1_256' title='bbox 1270 2337 1466 2382; x_wconf 85' lang='lat' dir='ltr'>statuebat</span> 
     </span>
     <span class='ocr_line' id='line_1_32' title="bbox 202 2401 1468 2458; baseline 0.002 -16"><span class='ocrx_word' id='word_1_257' title='bbox 202 2402 371 2442; x_wconf 78' lang='lat' dir='ltr'>Huetius</span> <span class='ocrx_word' id='word_1_258' title='bbox 395 2416 430 2455; x_wconf 84' lang='lat' dir='ltr'>p.</span> <span class='ocrx_word' id='word_1_259' title='bbox 457 2401 498 2441; x_wconf 85' lang='lat'>6.</span> <span class='ocrx_word' id='word_1_260' title='bbox 535 2402 614 2444; x_wconf 85' lang='lat' dir='ltr'>Sed</span> <span class='ocrx_word' id='word_1_261' title='bbox 635 2404 739 2443; x_wconf 62' lang='lat' dir='ltr'>reRe</span> <span class='ocrx_word' id='word_1_262' title='bbox 759 2406 916 2444; x_wconf 88' lang='lat' dir='ltr'>monuit</span> <span class='ocrx_word' id='word_1_263' title='bbox 943 2402 1160 2451; x_wconf 77' lang='lat' dir='ltr'>Brunckius</span> <span class='ocrx_word' id='word_1_264' title='bbox 1174 2403 1257 2458; x_wconf 86' lang='lat' dir='ltr'>post</span> <span class='ocrx_word' id='word_1_265' title='bbox 1275 2403 1468 2445; x_wconf 79' lang='lat' dir='ltr'>Reiskium</span> 
     </span>
     <span class='ocr_line' id='line_1_33' title="bbox 204 2469 1468 2525; baseline 0.003 -17"><span class='ocrx_word' id='word_1_266' title='bbox 204 2469 295 2509; x_wconf 83' lang='lat' dir='ltr'>Not.</span> <span class='ocrx_word' id='word_1_267' title='bbox 319 2471 425 2508; x_wconf 73' lang='grc' dir='ltr'>Ροὲῐ.</span> <span class='ocrx_word' id='word_1_268' title='bbox 438 2480 476 2520; x_wconf 89' lang='lat' dir='ltr'>p.</span> <span class='ocrx_word' id='word_1_269' title='bbox 499 2479 516 2507; x_wconf 93' lang='lat'>1</span> <span class='ocrx_word' id='word_1_270' title='bbox 531 2475 602 2516; x_wconf 76' lang='lat'>8‘0&#39;.</span> <span class='ocrx_word' id='word_1_271' title='bbox 626 2470 700 2510; x_wconf 85' lang='lat' dir='ltr'>hoc</span> <span class='ocrx_word' id='word_1_272' title='bbox 721 2485 883 2525; x_wconf 85' lang='lat' dir='ltr'>quoque</span> <span class='ocrx_word' id='word_1_273' title='bbox 901 2486 1060 2513; x_wconf 88' lang='lat' dir='ltr'>carmen</span> <span class='ocrx_word' id='word_1_274' title='bbox 1084 2473 1126 2513; x_wconf 85' lang='lat' dir='ltr'>in</span> <span class='ocrx_word' id='word_1_275' title='bbox 1147 2475 1190 2513; x_wconf 86' lang='lat' dir='ltr'>L.</span> <span class='ocrx_word' id='word_1_276' title='bbox 1203 2472 1468 2525; x_wconf 79' lang='lat' dir='ltr'>Calpurnium</span> 
     </span>
     <span class='ocr_line' id='line_1_34' title="bbox 203 2532 1469 2592; baseline 0.003 -17"><span class='ocrx_word' id='word_1_277' title='bbox 203 2532 386 2576; x_wconf 82' lang='lat' dir='ltr'>Pisonem</span> <span class='ocrx_word' id='word_1_278' title='bbox 406 2533 590 2588; x_wconf 80' lang='lat' dir='ltr'>scriptum</span> <span class='ocrx_word' id='word_1_279' title='bbox 615 2535 719 2589; x_wconf 85' lang='lat' dir='ltr'>esse,</span> <span class='ocrx_word' id='word_1_280' title='bbox 745 2538 796 2578; x_wconf 90' lang='lat' dir='ltr'>de</span> <span class='ocrx_word' id='word_1_281' title='bbox 817 2553 895 2591; x_wconf 84' lang='lat' dir='ltr'>quo</span> <span class='ocrx_word' id='word_1_282' title='bbox 921 2539 1012 2580; x_wconf 87' lang='lat' dir='ltr'>vide</span> <span class='ocrx_word' id='word_1_283' title='bbox 1031 2540 1079 2580; x_wconf 88' lang='lat' dir='ltr'>ad</span> <span class='ocrx_word' id='word_1_284' title='bbox 1097 2542 1229 2592; x_wconf 88' lang='lat' dir='ltr'><strong>Ep.X·</strong></span> <span class='ocrx_word' id='word_1_285' title='bbox 1268 2541 1354 2580; x_wconf 86' lang='lat' dir='ltr'>Nec</span> <span class='ocrx_word' id='word_1_286' title='bbox 1378 2539 1469 2580; x_wconf 83' lang='lat' dir='ltr'>teli-</span> 
     </span>
     <span class='ocr_line' id='line_1_35' title="bbox 203 2604 1470 2661; baseline 0.004 -20"><span class='ocrx_word' id='word_1_287' title='bbox 203 2615 375 2655; x_wconf 84' lang='lat' dir='ltr'>quorum</span> <span class='ocrx_word' id='word_1_288' title='bbox 398 2604 619 2644; x_wconf 84' lang='lat' dir='ltr'>carminum</span> <span class='ocrx_word' id='word_1_289' title='bbox 648 2607 890 2657; x_wconf 79' lang='lat' dir='ltr'><strong>comparatio</strong></span> <span class='ocrx_word' id='word_1_290' title='bbox 911 2621 984 2648; x_wconf 88' lang='lat' dir='ltr'>nos</span> <span class='ocrx_word' id='word_1_291' title='bbox 1006 2607 1057 2648; x_wconf 87' lang='lat' dir='ltr'>de</span> <span class='ocrx_word' id='word_1_292' title='bbox 1078 2607 1198 2661; x_wconf 80' lang='lat' dir='ltr'>hujus</span> <span class='ocrx_word' id='word_1_293' title='bbox 1219 2607 1470 2659; x_wconf 64' lang='lat' dir='ltr'>conjesturae</span> 
     </span>
    </p>
   </div>
  </div>
 </body>
</html>
