1598 2866
202 587 207 591 ’
285 598 710 646 POLYSTRATI
774 595 1286 641 EPIGRAMMATA.

150 927 196 974 τ,
219 919 280 976 1.]
313 922 351 964 Ι.
386 911 533 1024 Vat.
555 918 656 961 Cod.
684 930 725 969 p.
749 920 858 969 582.
906 917 1061 958 Primus
1096 914 1223 956 edidit
1252 908 1421 969 Wolfius

146 1021 149 1023 -
311 1023 315 1025 .
508 989 552 1027 in
583 988 739 1040 Fragm.
769 983 915 1038 Sapph.
944 998 983 1036 p.
1015 994 1126 1036 234.
1175 983 1285 1024 unde
1311 982 1422 1024 iden&

157 1059 344 1112 repetivit
370 1046 486 1109 Toup.
513 1056 555 1094 in
576 1053 746 1094 Emend.
769 1053 812 1092 in
832 1049 1004 1107 Hesych.
1023 1054 1064 1092 P.
1088 1054 1117 1092 1.
1142 1065 1180 1103 p.
1208 1055 1316 1101 308.
1359 1053 1422 1092 Ex

153 1124 306 1179 schedis
334 1119 632 1164 Vinarienfibus
661 1121 829 1174 protulit
856 1120 974 1159 Klotz
1004 1120 1047 1159 in
1078 1116 1194 1158 Musa
1221 1132 1335 1170 puer.
1359 1132 1423 1160 nr.

151 1195 330 1236 XXXIX.
395 1191 643 1232 Varietatem
675 1188 854 1228 leffionis
885 1188 1064 1228 enotavit
1094 1185 1339 1227 Schneiderus
1376 1182 1422 1226 in

150 1264 239 1303 Per.
260 1260 347 1301 crit.
367 1273 406 1312 p.
430 1258 504 1314 64.
572 1256 735 1309 Duplici
763 1269 898 1295 amore
926 1252 1110 1294 incensus
1139 1256 1257 1307 poe'ta
1286 1254 1423 1293 oculo's

152 1324 304 1368 accusat
321 1359 331 1378 ,
387 1326 458 1378 qui
502 1337 582 1365 tam
620 1336 782 1378 gravem
815 1321 886 1375 ipfi
929 1323 1151 1375 perniciem
1201 1321 1425 1362 attulerint.

153 1395 273 1437 Conf.
298 1393 490 1448 Meleagri
510 1395 582 1443 Ep.
594 1393 664 1431 IV.
688 1390 797 1444 quod
820 1391 914 1431 hinc
927 1386 1152 1440 expressum
1175 1387 1427 1428 videtum-

15 1505 21 1507 ,
144 1464 268 1505 Vpn.
290 1461 469 1509 ὄφθκλμδς
489 1467 750 1504 κατοσσόμενος.
790 1454 920 1509 Wolff
966 1465 1216 1503 κοιτασσόμενοι
1237 1469 1297 1508 ap.
1325 1454 1425 1496 Tou-

148 1532 278 1584 pium*
296 1525 448 1569 vitiose.
483 1548 550 1556 -—-
619 1528 668 1568 V.
706 1535 747 1577 3.
791 1525 911 1564 εἴδετε.
968 1526 1144 1576 primum
1178 1522 1426 1564 Antiochum

152 1593 360 1650 speRastis,
388 1593 607 1635 formosum
637 1606 834 1646 puerum3
877 1592 1027 1632 deinde
1046 1590 1316 1639 Stasicratem;
1349 1592 1425 1631 un-

153 1664 207 1704 'de
226 1664 374 1715 duplex
395 1663 439 1702 in
472 1663 651 1702 animum
675 1675 786 1700 amor
819 1659 1001 1699 defluxit.
1069 1661 1190 1699 Hunc
1217 1654 1315 1698 vers.
1338 1658 1427 1697 lim·

153 1731 222 1772 dat
249 1729 403 1770 Alhern·
433 1730 482 1769 ad
514 1727 687 1784 Hesych.
720 1742 755 1770 v.
783 1735 1013 1775 περισκέπτῳ.
1077 1728 1183 1767 Puer
1218 1724 1427 1765 venustate

154 1798 398 1851 conspicuus,
428 1808 564 1838 utrum
595 1803 818 1844 περίσκεπτος
847 1795 1085 1847 appelletur,
1119 1807 1171 1833 an
1190 1799 1429 1844 περίβλεπτοι,

152 1877 200 1906 ut
234 1865 309 1905 hoc
338 1865 425 1905 loco
449 1864 612 1917 quidam
637 1864 810 1914 conjecit
839 1875 901 1914 ap.
930 1861 1148 1912 Albanum,
1178 1870 1306 1913 utque
1326 1860 1428 1915 legi-

70 1981 73 1985 ·
153 1944 220 1973 tur
254 1934 297 1971 in
332 1945 471 1986 apogr.
504 1928 605 1984 Lips.
643 1944 783 1983 parum
816 1929 1005 1978 interest3
1049 1926 1116 1968 sed
1152 1941 1236 1968 non
1268 1926 1325 1967 est
1354 1920 1427 1967 cu'r

152 1999 314 2042 Codicis
359 2001 571 2039 leffionem
616 1998 926 2050 relinquendam
967 1995 1180 2036 existimes.
1211 2015 1280 2025 —
1346 1997 1425 2035 Pro

152 2074 352 2116 χρυσέαισιν
370 2067 477 2107 idern
502 2073 652 2122 Apogr.
678 2072 869 2113 χρυσέοισιν
891 2064 1072 2105 exhibet.
1095 2086 1160 2095 ——-
1226 2064 1279 2104 V.
1307 2072 1351 2114 4.
1385 2061 1428 2106 n'i

152 2137 249 2174 θέων.
274 2134 400 2174 Klotz.
420 2135 527 2187 quod
547 2135 720 2173 correxit
734 2131 937 2171 Kochlerus
952 2131 1002 2172 ad
1023 2130 1197 2172 Theocr.
1218 2144 1255 2183 p.
1278 2129 1428 2170 16.—

152 2199 309 2248 ἱνθεμον.
334 2201 622 2255 splendidorum
646 2201 833 2254 juvenum
854 2197 1006 2252 florem.
1056 2204 1183 2238 παίδων
1211 2194 1314 2240 ἄνθος
1338 2196 1428 2236 Me·

154 2268 276 2325 lenger
300 2272 376 2322 Ep.
395 2272 452 2326 ²11.
522 2271 705 2309 Formam
732 2265 879 2320 ἄνθεμον
897 2267 1032 2321 attigit
1055 2263 1229 2306 Dorvill.
1252 2264 1300 2304 ad
1324 2263 1430 2305 Cha-

154 2338 220 2379 rit.
239 2351 276 2389 p.
298 2346 408 2387 717.
433 2358 499 2366 —-
524 2339 573 2377 V.
601 2347 639 2386 5.
660 2338 900 2383 ἔπηγάσασθε.
920 2333 1062 2375 Sched.
1081 2334 1213 2388 Tryll.
1256 2333 1305 2371 In
1326 2336 1430 2375 ἐπηυ-

154 2408 319 2451 γάσασθι
346 2403 629 2455 duplicandum
658 2401 739 2442 esse
758 2410 798 2440 τὸ
825 2418 847 2441 ο·
872 2401 1023 2452 judicat
1044 2398 1275 2444 Brunckius,
1306 2398 1430 2438 metri

157 2469 281 2512 causa.
346 2472 682 2523 Antepenultima
714 2471 825 2510 enirn
859 2470 1094 2521 corripitur,
1129 2471 1177 2506 'ut
1206 2481 1269 2519 ap.
1290 2467 1429 2519 Antip.

158 2537 240 2578 Sid.
278 2540 377 2582 LIX.
417 2545 563 2584 exulum!
588 2538 723 2582 ηἐλίους
754 2544 912 2580 πλείονας
948 2537 1142 2582 ηὖγάσατο.
1214 2535 1430 2585 Per'peram

157 2603 320 2657 Wolfius
348 2607 469 2646 vertit
498 2604 756 2656 illuminastis,
789 2618 880 2644 cum
901 2603 969 2644 fit:
1006 2602 1120 2658 ‚Qid
1138 2599 1366 2656 adspexistis
1385 2619 1432 2637 --

824 2675 863 2715 Α
898 2681 927 2710 2
