1598 2866
239 194 331 238 228
689 176 1047 234 rinnonmax
1360 195 1501 248 11.87.

243 318 399 360 »τήθης
429 313 600 362 ὄςγῶντας
627 313 697 354 ὅσοι
725 323 770 361 μῆ
797 316 941 363 Φλίγετ’
973 321 1129 365 ἔξεισι-αἴ.
1192 316 1383 359 Cetera-e
1401 318 1503 361 Cod-

243 383 369 428 „Vat.
391 382 557 423 meliora
577 382 716 430 dedi.“
736 382 808 422 Br.
845 386 890 423 ln
909 397 1044 439 apogr.
1060 383 1247 425 Gothano
1268 399 1350 427 non
1371 391 1503 439 τήθης,

244 448 313 492 sed
332 454 459 494 πόθους
488 449 650 503 legitur.
700 451 748 490 ln
771 450 1018 491 Brunckiana
1048 451 1219 492 lenione
1243 454 1417 506 primum
1438 467 1503 494 me

247 515 419 559 offendit
446 516 638 569 particula
656 534 700 564 ey:
713 546 723 564 ,
757 531 876 569 quam
896 519 939 558 in
961 518 1036 558 hoc
1056 518 1140 558 loco
1162 532 1283 560 nemo
1304 519 1421 562 facile
1438 522 1505 563 de·

246 583 495 632 fideraverit3
546 583 694 624 deinde
723 583 899 633 ἆργῶσας,
941 585 1064 638 quod,
1095 583 1146 625 fic
1179 587 1288 628 nude
1318 586 1505 640 politum,

248 652 350 693 mihi
382 650 546 703 quidem
585 665 668 691 non
701 649 787 691 satis
817 652 1072 692 commodum
1103 651 1271 695 videtur.
1333 656 1505 711 jejunus

247 720 359 760 enim
387 719 518 758 evadit
539 715 692 769 sensus,
722 717 750 758 fi
770 718 879 770 succi
901 719 1029 773 plenas
1053 721 1231 771 verteris,
1263 719 1373 775 (quis
1394 725 1506 763 enim

247 801 332 827 non
378 782 650 825 faeculentum
685 799 824 839 corpus
862 787 1074 827 macilento
1109 789 1344 839 praetulerit
1361 787 1398 840 ἲ)
1447 788 1507 832 fin

244 857 462 908 prurientes
483 864 520 892 et
545 851 778 903 libidinofizs,
810 867 961 904 vereor,
983 866 1035 893 ne
1055 853 1131 895 hoc
1149 857 1504 911 contextuiparum

246 921 471 962 conveniat.
509 918 850 973 perspicacissimus
870 910 1073 972 Wikefield
1093 923 1276 977 corrigit:

384 992 475 1026 ἃλλὸι
494 991 632 1032 τιτθοὺς
660 988 832 1036 ὀργῶντας
857 986 927 1028 ὅσοι
957 996 1002 1035 μὴ
1030 989 1174 1038 φεύγετ’
1193 989 1347 1042 iectura),

449 1055 539 1103 δεῦρ’
559 1054 612 1094 ἴτε
635 1060 725 1104 τρεῖς
742 1060 842 1095 ἆτέων
860 1060 1036 1103 ληθόμενοι
1056 1061 1212 1101 δεκάδας.

246 1123 384 1163 Metro
415 1118 454 1160 se
485 1135 568 1162 non
596 1123 739 1163 timere
776 1120 928 1172 scribit3
971 1121 1081 1176 poffe
1110 1125 1219 1164 enim
1253 1125 1428 1178 priorem
1461 1129 1505 1170 in

245 1193 388 1232 τιτθοὺς
416 1190 579 1243 corripi,
606 1200 673 1230 aut
698 1193 816 1234 τιθοὸς
845 1191 1072 1237 emendam
1105 1192 1214 1231 idem
1236 1194 1347 1232 enirn
1364 1197 1445 1240 τιθῇ
1463 1205 1506 1236 et

245 1261 364 1306 τιτθὴ,
394 1260 493 1299 τιθὸς
523 1268 565 1296 et
591 1261 725 1301 τιτθός.
775 1260 829 1298 At
847 1255 874 1296 st
895 1256 967 1298 hac
994 1259 1149 1299 ratione
1167 1255 1362 1301 sanandus
1383 1259 1427 1302 fit
1447 1262 1508 1303 lo-

244 1336 326 1374 cus,
356 1319 493 1363 saltem
514 1321 749 1375 scripserim:

475 1386 498 1429 ἆ
518 1396 658 1436 τιτθοὺς
674 1392 845 1441 ὀργῶντας
876 1413 907 1422 -
940 1412 972 1422 -

247 1457 441 1498 Ceterum
471 1459 613 1499 eadem
632 1459 861 1501 emendatio
883 1456 964 1500 sese
993 1457 1193 1501 obtulerat
1213 1461 1261 1503 cl.
1282 1461 1507 1514 Eichstaedt,

245 1527 315 1578 qui
345 1539 434 1566 eam
459 1539 615 1566 mecum
646 1540 718 1580 per
745 1528 877 1567 literas
903 1529 1220 1571 communicavit.
1271 1531 1358 1569 Hoc
1378 1543 1506 1570 unum

245 1593 345 1632 mihi
371 1594 414 1633 in
442 1593 515 1633 hac
542 1594 713 1635 lectione
738 1595 929 1648 displicet,
961 1593 1068 1648 quod
1095 1599 1213 1648 poeta
1233 1594 1283 1636 fic
1303 1596 1352 1636 ad
1371 1593 1508 1652 singu-

244 1660 324 1699 lam
343 1671 497 1712 partem
527 1674 721 1702 venerum
745 1661 950 1704 Chariclus
975 1661 1197 1713 delabitur,
1229 1676 1320 1703 cum
1339 1664 1420 1716 jam
1439 1679 1506 1705 an-

245 1739 311 1767 tea
345 1739 386 1767 et
417 1727 536 1780 hujus
577 1740 619 1769 et
653 1731 820 1786 aliarum
859 1730 1032 1782 partium
1061 1731 1311 1771 mentionem
1347 1729 1504 1772 fecerit.

246 1796 413 1847 Optime
437 1794 487 1835 fic
507 1809 569 1836 res
588 1797 851 1849 procederet,
879 1795 905 1836 fi
928 1798 1091 1838 tertium
1117 1795 1310 1839 distichon
1330 1797 1506 1848 abeffet3

242 1858 312 1902 sed
332 1876 422 1902 cum
442 1866 559 1915 poeta
581 1862 666 1916 post
690 1863 922 1916 papillarum
943 1866 1365 1905 commemorationem
1382 1866 1505 1906 etiam

245 1925 483 1970 a‘mbrofium
519 1931 619 1971 cutis
657 1931 845 1982 odorem,
886 1931 963 1972 oris
995 1928 1218 1981 suadelam,
1255 1933 1505 1986 reliquasque

244 1997 478 2037 innumeras
514 1998 692 2038 mulieris
731 2000 874 2053 gratias
908 1998 1216 2050 praedicaverit,
1258 2000 1444 2051 mirarer,
1475 1997 1504 2038 fi

244 2077 354 2104 nunc
386 2065 531 2104 iterum
559 2064 610 2105 de
639 2065 793 2118 papillis
818 2063 1041 2106 sermonem
1067 2065 1229 2106 faceret.
1285 2066 1423 2118 Quare
1446 2080 1506 2106 re·

244 2130 443 2171 conditius
464 2133 654 2184 quiddam
685 2133 811 2173 latere
843 2130 1022 2187 suspicor.
1072 2131 1247 2173 Fortafl‘e
1272 2133 1314 2173 in
1337 2133 1503 2174 leffione

242 2198 412 2246 codicis,
443 2203 536 2239 ἀλλὰ
557 2195 837 2249 πόθουοςγῶντας
866 2199 936 2241 ὅσοι
960 2207 1007 2248 μὴ
1036 2197 1337 2252 φλεγετεςαστοιῖ,
1378 2201 1507 2242 latent

239 2264 362 2306 baec:

376 2337 468 2373 ἀλλὰ
497 2338 813 2383 μεθυσπκργῶντας
839 2335 910 2376 ὅσοι
930 2344 976 2383 μῆ
997 2340 1146 2384 Φεῦγετε
1165 2337 1285 2386 ῥᾶγας.

239 2401 440 2448 V‘etulam,
474 2398 574 2441 succi
602 2403 787 2456 plenam,
828 2418 919 2444 cum
945 2404 1059 2443 acino
1090 2416 1213 2453 uvae,
1247 2401 1432 2444 bacchico
1461 2403 1510 2462 ¹3³.

237 2480 366 2519 quoi-e
394 2479 603 2523 turgente,
639 2482 851 2522 comparat.
909 2472 1035 2522 Supra
1059 2472 1132 2522 Ep.
1150 2471 1236 2511 XV·
1271 2469 1323 2510 de
1351 2469 1508 2524 puella:

235 2539 311 2573 οὐδὲ
343 2543 494 2582 μελαίνει
527 2544 648 2582 Βότρυς
679 2543 696 2576 ὁ
717 2540 916 2585 παρθενίους
935 2545 1156 2586 erema-offlam&
1182 2543 1345 2585 χάριτας.
1393 2537 1510 2577 Gala-

235 2612 344 2642 team
367 2600 475 2648 suam
497 2605 669 2658 Cyclops
690 2618 749 2658 ap.
778 2603 969 2647 Theocrit.
991 2604 1080 2646 Eid.
1103 2606 1171 2645 Xl.
1191 2613 1270 2646 21.
1296 2610 1508 2653 ‹panem-fem
