1598 2866
235 162 330 217 360
614 172 1075 207 istoru-onum:
1153 164 1514 217 ndu-5³35·

240 296 284 328 et
303 286 415 327 Plan.
468 288 552 327 Nec
582 285 775 327 mutanda
797 295 885 326 erat
913 285 1043 327 lectio.
1091 288 1249 344 Junge:
1272 294 1293 334 ἢ
1318 291 1455 337 καθαρὴ
1479 308 1511 319 -

242 360 357 394 οὐκετι
387 357 516 403 magau.
577 354 697 393 Paulo
742 353 901 408 longior
938 353 1154 394 verborum
1199 355 1372 396 ambitus
1388 386 1398 406 ‚
1441 353 1510 397 secl

243 432 458 475 propterea
487 435 569 461 non
601 417 773 461 vitiosus.
833 420 946 470 Quin
971 421 1222 463 Brunckiana
1248 423 1418 463 lefflone
1446 422 1512 463 ad-

244 485 359 529 missa
382 489 511 529 omnis
533 499 744 528 contextus
765 487 967 542 elegantia
986 488 1144 540 penitus
1163 489 1331 542 tollitur,
1366 489 1513 543 postre-

246 569 315 596 mo
337 554 512 605 disticho,
548 555 750 610 paralytici
772 554 943 598 membri
961 553 1093 605 instar,
1126 554 1269 598 misere
1293 558 1513 610 pendente.

254 637 307 653 ι·-
337 623 386 662 V.
415 633 455 664 2.
489 620 604 672 κριίνη.
629 623 703 664 Ed.
734 636 793 675 pr.
830 632 910 661 tres
941 621 1036 662 Ald.
1063 633 1105 662 et
1129 618 1368 664 Ascenfi—
1398 626 1447 666 V.
1474 635 1514 675 3.

248 697 529 739 παρκκλίντοςος.
550 693 640 731 Vat.
659 690 832 732 Cod.-
862 690 981 730 Latro
1002 690 1104 731 viros
1125 691 1315 743 quosdam
1333 692 1384 732 ad
1408 691 1518 734 hunc

249 756 404 799 fontem
422 757 657 798 recubantes
670 758 943 798 interemerat.
955 774 1021 786 ——
1053 757 1247 811 Expressit
1260 757 1336 800 hoc
1354 772 1516 801 carmen

250 824 486 879 Antiphanes
506 828 578 879 Ep.
602 827 691 867 VH.
721 839 759 878 p.
783 834 890 874 205.

350 891 446 933 XII.
486 893 687 934 Cod-Vat.
703 905 740 944 p.
754 902 865 942 242.
901 891 1069 935 Planud.
1082 905 1119 944 Ρ.
1136 900 1153 931 1
1165 901 1240 942 99.
1252 893 1311 934 St.
1329 901 1440 944 290.
1452 894 1517 931 W.

253 959 454 1011 Scriptum
478 961 522 1000 in
551 961 728 1011 Aelium,
763 960 932 1000 militem
964 957 1226 1009 fortissimum,
1254 961 1323 1013 qui
1343 961 1451 1016 gravi
1475 969 1518 1001 et

254 1026 467 1068 incurabili
503 1038 662 1068 vexatus
691 1026 859 1074 morbo,
891 1026 1024 1082 gladio
1053 1026 1313 1076 incubuerat,
1349 1041 1402 1068 ne
1431 1028 1520 1081 quis

255 1107 351 1136 eum
370 1107 391 1132 a
411 1094 551 1144 morbp
576 1091 800 1146 superatum
824 1093 956 1134 dicere
975 1092 1117 1145 poffet.
1170 1096 1350 1135 Imitatus
1368 1094 1424 1136 est
1445 1093 1521 1136 hoc

256 1174 418 1201 carmen
442 1162 639 1215 Philippus
668 1164 739 1215 Ep.
760 1162 882 1202 XXV.
914 1175 954 1214 p.
976 1170 1001 1200 2
1015 1171 1030 1200 1
1045 1165 1084 1208 8.
1106 1183 1172 1192 -—-
1206 1163 1256 1205 V.
1275 1173 1318 1203 2.
1339 1169 1522 1211 σωρεύσεις.

255 1229 397 1276 ,multis
427 1230 567 1269 aureis
578 1229 746 1278 coronis,
777 1242 873 1281 quas
900 1228 1056 1269 virtutis
1081 1226 1193 1269 causa
1217 1240 1433 1282 acceperat,
1457 1243 1525 1270 cu-

258 1296 447 1336 mulatus.
482 1299 572 1336 Non
597 1296 648 1336 de
667 1296 822 1336 coronis
843 1297 1005 1349 proprie
1026 1295 1150 1347 dietis,
1181 1310 1276 1350 quas
1296 1298 1399 1338 inter
1421 1298 1525 1337 mili·

259 1372 348 1403 tum
378 1366 646 1403 Romanorum
674 1363 850 1415 praemia
871 1359 986 1403 fuiffe
1019 1376 1141 1403 nemo
1171 1364 1352 1418 ignorat,
1385 1361 1452 1405 sed
1471 1364 1524 1404 de

262 1429 472 1483 torquibus
496 1432 624 1470 aureis
657 1432 723 1486 agi
751 1429 932 1481 videtur,
964 1444 1067 1483 quae
1091 1431 1189 1471 item
1209 1430 1378 1472 fortibus
1405 1431 1528 1472 dona-

262 1495 422 1540 bantur.
459 1498 563 1538 Vide
589 1498 712 1538 Taciti
735 1498 948 1538 Annal.11.
975 1507 1015 1548 9.
1048 1496 1222 1554 Qintil.
1249 1497 1341 1539 lnst.
1361 1501 1432 1539 Or.
1453 1500 1524 1540 VI.

267 1574 307 1615 3.
328 1574 403 1616 79·
426 1584 492 1594 ···-
528 1565 724 1619 Philippus
751 1566 776 1605 l.
797 1579 830 1604 c.
865 1572 882 1603 ὁ
900 1563 1068 1611 &atticae
1089 1571 1227 1611 Αὐχὲνκ
1246 1571 1468 1614 χρυσοδέτοις
1487 1571 1526 1605 lx

263 1639 414 1678 πολέμου
435 1638 692 1681 suspirata—-
729 1638 877 1679 αὐχένας
900 1638 1023 1680 anano.
1047 1629 1155 1672 suam
1177 1633 1383 1683 cervicem,
1403 1645 1528 1688 armo·

265 1712 357 1740 rum
376 1700 557 1751 pondere
578 1712 860 1755 gravatam.—-·
901 1703 942 1741 ἹῘ.
964 1692 1087 1759 135.]
1108 1701 1157 1740 V.
1173 1710 1211 1750 3.
1233 1708 1342 1749 rema
1364 1697 1530 1748 ἄφυκτον.

265 1780 385 1822 quam
436 1780 644 1809 extremam
694 1764 933 1821 neceffitatem
975 1778 1086 1807 vocat
1130 1766 1330 1819 Sallustius
1370 1770 1530 1823 Fragm-

267 1848 307 1888 p.
321 1844 430 1886 940.
446 1835 555 1878 Cort.
592 1836 662 1888 qui
691 1837 891 1884 neminem,
922 1833 1000 1886 mfi'
1015 1836 1083 1890 qui
1105 1833 1281 1874 muliebri
1299 1833 1532 1890 ingeniosic,

268 1901 376 1943 illam
396 1901 608 1956 exspestare
625 1905 872 1954 pronuntiat.
891 1922 955 1931 —
987 1903 1106 1942 Hunc
1126 1898 1280 1942 versurri
1306 1916 1396 1942 cum
1414 1899 1525 1955 sequ.

267 1968 404 2011 laudat
433 1969 540 2010 Suid.
573 1971 616 2009 in
636 1970 751 2014 bran,
780 1971 831 2010 T.
855 1969 927 2009 ΙΙΙ.
959 1982 998 2021 p.
1024 1978 1130 2020 533.
1165 1969 1237 2010 ubi
1259 1966 1342 2009 aiam
1369 1968 1532 2009 exbibe-

270 2046 349 2088 tur‚
369 2037 476 2090 quod
498 2051 518 2076 a
542 2038 701 2091 vulgata
724 2036 825 2077 nihil
851 2033 1015 2076 differre
1033 2045 1183 2077 temere
1200 2036 1349 2088 judicat
1364 2035 1532 2089 Toupiur

270 2105 361 2146 Em.
392 2106 436 2145 iu
465 2104 574 2145 Suid.
606 2107 645 2146 P.
672 2106 743 2145 111.
780 2117 818 2157 Ρ.
843 2112 950 2154 513.
969 2123 1034 2132 —
1060 2108 1142 2147 „ln
1172 2103 1337 2144 Planud.
1364 2107 1535 2150 &qaeu-sinu

268 2176 458 2220 ,ᾰμφανὲς
487 2178 534 2215 εις
558 2178 654 2216 ἰδίην.
711 2174 766 2212 At
795 2169 1118 2224 coddsquatuor,
1149 2181 1246 2213 vett.
1264 2170 1461 2211 editiones
1489 2181 1533 2211 et

267 2238 445 2284 „Suidas
466 2237 618 2279 habent
636 2243 806 2288 ὃμφανὲς,
836 2237 944 2291 quod
963 2239 1164 2293 genuinae
1186 2238 1349 2278 lectioni
1371 2238 1534 2291 propius

268 2306 477 2357 „accedit‚
524 2319 643 2358 quam
680 2321 702 2347 a
736 2305 896 2347 Reiskio
934 2302 1123 2360 sagaciter
1155 2305 1352 2346 deteikam
1382 2304 1532 2358 recepi.

268 2374 472 2419 „Mallem
495 2369 660 2420 ἔφθασεν.
702 2376 804 2413 Nam
825 2368 973 2419 ἔφθανεν
991 2372 1043 2413 est
1062 2371 1355 2426 imperfectum,
1387 2372 1431 2412 in
1452 2384 1535 2423 quo

269 2459 329 2485 »α
360 2442 542 2496 longum.
589 2441 823 2494 Curi-ipiunt
846 2451 980 2479 tamen
1000 2441 1134 2481 Attici.
1185 2439 1290 2480 Vide
1317 2438 1453 2480 Clark.
1483 2437 1534 2479 ad

269 2508 352 2552 2³11.
374 2516 414 2558 ρ.
437 2518 518 2559 43.
549 2509 668 2549 Hunc
688 2520 842 2548 morem
862 2507 1208 2562 Epigrammatarii
1228 2503 1344 2560 saepe
1365 2502 1537 2558 sequun·

268 2585 383 2621 „tur-
412 2574 517 2618 vide
534 2574 641 2617 infra
660 2575 837 2617 Bianoris
853 2575 904 2616 Vn
926 2575 968 2617 6.
999 2584 1041 2615 et
1060 2573 1262 2621 Leonidae
1282 2575 1352 2616 IV·
1367 2578 1445 2624 3.“
1463 2571 1538 2617 Bm
