1598 2866
84 142 88 144 V
152 152 296 202 11-85.
526 160 1040 193 ιιισιιΑΜΜΑτΔ.
1326 157 1420 201 219

159 277 281 321 αἱρεῖν.
301 270 479 314 Schedae
496 273 604 313 Lacr.
657 273 744 314 Hoc
766 276 910 315 merito
939 274 1121 327 probavit
1146 273 1310 326 Toupius
1329 285 1425 329 prae

159 338 305 382 Reiskii
322 340 359 389 μ’
377 339 492 387 αἴρειν.
543 337 629 381 Piso
651 351 798 391 autem,
829 355 951 395 quem
969 341 1033 383 hic
1053 346 1171 395 poeta
1195 342 1427 394 alloquitur,

160 408 305 450 Lucius
333 407 403 447 ille
434 402 518 447 Piso
556 407 632 459 est,
678 408 722 448 in
751 422 872 461 quem
905 408 1093 450 Ciceronis
1131 408 1254 449 exstat
1285 409 1425 449 oratio.

163 472 214 515 cf.
234 487 317 528 cap.
337 475 520 516 XXVIII.
546 495 607 503 ——
660 477 710 514 V.
738 479 777 521 8.
808 476 1010 526 εἲνίῑφύρμ.
1045 475 1296 518 Corinthiam
1326 475 1428 515 mihi

164 542 341 593 puellam
361 538 483 582 sumo.
515 541 552 590 γ’
571 538 675 586 ἄλλος
694 556 831 597 apogr.
856 540 959 596 Lips.
1005 547 1052 583 ln
1070 557 1197 597 marg.
1218 549 1353 587 Γάλλος.
1385 551 1428 582 et

165 610 407 660 comparatio
446 610 523 649 loci
556 610 764 650 novatiani
796 610 827 648 1.
857 611 983 650 Serm.
1002 612 1054 651 11.
1091 620 1193 652 120.
1248 610 1429 650 Eandem

167 686 305 717 notam
336 677 496 717 Lacr02.
527 673 692 716 schedae
719 676 930 717 exhibent.
991 679 1100 718 Haec
1122 677 1250 727 leffio,
1282 676 1428 724 fateor,

167 743 301 783 levem
333 741 482 783 fraudis
517 740 773 798 suspicionem
803 745 976 785 excitare
1006 744 1123 795 poffit
1134 760 1144 793 3
1195 733 1326 791 certe,
1358 744 1430 795 qui

166 809 352 851 fraudem
383 809 561 850 infucate
591 808 787 863 voluiffet‚
823 825 905 852 non
933 813 1048 852 aliter
1075 809 1231 868 egiffet‚
1300 813 1430 852 Nemo

167 877 328 933 ignorat
346 877 508 917 Horatii
536 876 674 917 verba:

237 959 360 1013 Illam,
378 959 459 1014 post
473 960 588 1015 paulo
599 973 614 1006 ‚·
634 960 708 1012 fid
718 961 869 1015 pluri5;
892 960 938 1014 si
952 965 1093 1002 exierit
1114 965 1177 1002 vir
1185 975 1200 1008 ,-

240 1027 363 1069 Gallis
375 1028 482 1077 hanc,
514 1027 748 1068 Philodemus
767 1033 851 1075 ait;
876 1027 970 1082 fibi,
986 1044 1082 1083 quae
1100 1043 1215 1084 neque
1236 1040 1370 1083 magno

245 1094 327 1136 Stet
346 1098 484 1149 pretio,
513 1108 626 1150 neque
646 1097 850 1146 cunc‘tetur,
880 1110 962 1137 cum
983 1097 1032 1148 est
1042 1095 1149 1150 juffa
1172 1100 1310 1136 venire.

196 1189 317 1232 nepte
351 1177 516 1231 Toupius
546 1177 724 1230 dubitat,
769 1193 819 1219 an
849 1177 1074 1220 venufinus
1107 1182 1222 1232 poeta
1252 1188 1436 1219 mentem

209 1245 382 1286 bilodemi
400 1245 504 1285 reste
519 1246 669 1299 ceperit
681 1262 692 1294 ;
723 1244 794 1287 fibi
814 1248 924 1287 enim
949 1247 1156 1289 leffionem
1175 1260 1310 1299 apogr·
1334 1242 1437 1299 Lips-

174 1321 238 1358 φῆν
253 1312 283 1352 δ’
300 1308 367 1360 ἄρα
384 1312 422 1360 γ’
442 1308 546 1356 ἄλλος
565 1309 638 1361 ἔχοι
658 1314 855 1364 veriorem
875 1314 1014 1356 videri.
1057 1316 1101 1353 ln
1121 1327 1200 1366 quo
1228 1317 1436 1353 neminem

173 1377 247 1420 fibi
263 1377 542 1420 assentientem
563 1379 739 1428 habebit,
771 1383 840 1434 qui
862 1380 997 1435 fruges
1019 1395 1042 1421 a
1063 1380 1274 1435 glandibus
1295 1379 1438 1420 discer-

174 1459 274 1488 nere
298 1446 494 1488 didicerit.
539 1447 618 1489 Sed
635 1446 685 1487 fic
706 1462 998 1501 nonnunquam
1019 1449 1078 1488 vir
1099 1447 1335 1489 acutiffimus
1354 1443 1438 1499 ipso

175 1516 361 1555 acumine
389 1511 459 1554 suo
490 1515 532 1555 in
563 1512 824 1557 transversum
853 1516 1016 1567 rapitur.
1034 1535 1101 1544 —
1149 1517 1343 1556 Ceterum
1362 1513 1441 1554 hoe

174 1582 263 1622 loco
283 1592 441 1635 reperto
466 1603 530 1612 ·-
552 1582 671 1623 modo
692 1581 889 1624 sincerum
913 1581 958 1621 fit
979 1595 1136 1623 carmen
1160 1603 1222 1610 -
1242 1581 1441 1621 refellitur

177 1659 220 1690 et
239 1662 379 1690 eorum
396 1649 634 1701 conjeaura,
654 1651 722 1703 qui
736 1665 798 1704 ap.
820 1651 1044 1701 Horatium,
1064 1649 1191 1701 Philo,
1209 1649 1347 1698 demus,
1368 1650 1443 1699 ait,

177 1716 397 1771 legendum
428 1727 633 1770 putarunt,
664 1729 706 1758 et
737 1717 904 1771 Benth'i
940 1718 1100 1770 opinio,
1143 1718 1212 1771 qui
1247 1717 1444 1766 majorem

179 1783 468 1824 distinfiiionem
491 1782 573 1837 post
597 1784 722 1826 Gallis
742 1786 930 1838 ponebat.
960 1784 1108 1824 Similis
1124 1785 1232 1825 color
1251 1797 1311 1837 ap.
1330 1782 1446 1822 Mar·
1474 1818 1491 1828 ,

177 1850 308 1894 tialem
332 1852 376 1892 L.
409 1853 476 1892 lx.
501 1861 575 1902 33.

172 1951 181 1959 ·
245 1935 356 1976 Hanc
375 1934 472 1986 volo,
505 1947 599 1989 quae
614 1933 766 1986 facilis,
798 1949 892 1989 quae
903 1932 1106 1988 palliolata
1123 1945 1314 1989 vagatur:

315 2003 426 2043 Hanc
444 2001 543 2051 vola,
579 2015 672 2056 quae
684 2013 802 2055 puero
810 2002 896 2055 jam
919 2003 1021 2042 dedit
1038 2013 1126 2041 ante
1146 2013 1246 2040 meo.-

244 2068 355 2110 Hanc
374 2069 471 2121 volo,
505 2083 617 2123 quam
644 2069 799 2109 redimit
822 2082 943 2110 totam
963 2070 1137 2108 denarius
1160 2067 1281 2106 alter:

319 2136 430 2176 Hanc
450 2136 549 2186 volo,
570 2149 663 2189 quae
680 2138 833 2189 pariter
847 2136 1000 2189 suffi'cit
1022 2149 1098 2175 una
1122 2133 1263 2173 tribus.

249 2202 465 2255 Pofientem
495 2216 663 2243 nummos
688 2215 725 2242 et
756 2204 924 2258 grandia
949 2200 1060 2242 verba
1084 2202 1284 2253 sonantem

322 2267 509 2323 Poffideat
526 2267 634 2324 craffi
655 2269 820 2309 mentula
839 2269 1061 2326 Burdigali.

282 2352 333 2394 X·
364 2353 564 2395 cod-Vnt.
585 2367 624 2406 p.
645 2362 749 2405 104.
765 2350 818 2406 sq.
841 2360 898 2398 Εἲς
921 2360 1083 2392 ψιλέννιον
1103 2350 1252 2399 gratem.
1286 2348 1454 2391 planud-

188 2433 228 2473 p.
260 2420 368 2472 469.
391 2422 448 2461 St.
485 2419 594 2460 610.
615 2421 680 2464 W.
745 2421 794 2460 In
823 2422 1014 2475 puellam,
1047 2418 1295 2466 amantibus,
1337 2414 1455 2470 saepo

193 2487 302 2527 nulla
339 2487 523 2528 mercede
573 2498 756 2541 accepta,
805 2487 850 2528 in
882 2486 1068 2528 omnibus
1106 2487 1360 2539 morigeram.
1389 2502 1454 2514 --

194 2554 244 2597 V·
277 2563 316 2595 ι.
348 2565 393 2598 2.
426 2565 467 2609 3·
498 2555 633 2596 laudat
665 2553 802 2597 Susidas
835 2556 880 2597 in
908 2561 1096 2604 μκγωτέςα
1125 2553 1177 2593 T.
1206 2554 1254 2594 11.
1276 2565 1314 2607 p·
1343 2554 1454 2604 480.
