1598 2866
233 183 329 227 218
681 192 1063 221 furnonnmx
1352 184 1501 237 11.85.·

229 305 423 348 Horatius
454 303 480 343 1.
510 317 542 344 c.
564 302 674 358 Qin
702 305 817 343 etiam
836 303 935 343 illud
956 304 1120 356 Accidit,
1153 317 1198 345 ut
1215 305 1362 353 cuidam
1393 305 1495 358 testes*

231 372 460 426 caudamque
474 369 636 420 fizlacem
656 370 873 412 Demeteret
881 370 1058 422 ferrum.

331 474 404 516 IX.
436 473 524 515 Hoc
548 474 684 529 Epigr.
714 470 885 514 Reiskius
915 474 1063 528 reperit
1087 475 1130 515 in
1155 490 1291 532 apogr.
1317 473 1418 528 Lips.
1446 477 1491 517 in

230 538 315 585 fine
343 541 632 594 Sepulcralium
663 554 725 582 nr.
749 541 805 590 65
821 548 857 579 1.
877 533 933 593 (p.
960 550 978 580 1
996 550 1011 580 t
1027 541 1084 591 1.)
1109 553 1149 582 et
1176 544 1218 584 in
1240 543 1401 586 Schedis
1422 544 1496 584 La·

231 610 439 651 crozianis.
469 611 525 649 ’1η
558 607 626 648 has
658 608 764 649 unde
794 609 960 658 venerit,
993 609 1151 661 penitus
1169 611 1397 666 ignoramus
1408 625 1421 660 3
1465 625 1489 652 a

227 678 320 720 vat.
340 677 450 717 enim
471 675 570 717 Cod.
591 674 710 715 abest.
743 677 828 715 Nee
853 676 895 714 in
915 675 1000 714 aliis
1023 677 1257 731 apograpffis
1282 676 1363 718 effe
1381 678 1489 719 vide-

227 755 308 794 tur,
339 757 429 785 cum
450 743 550 783 illud
574 752 616 782 et
640 740 835 794 Heinstum
855 752 895 782 et
915 742 1128 798 Bentley‘um
1147 744 1320 796 latuerit,
1335 756 1488 785 utrum-

226 825 310 867 que
330 812 374 852 in
396 810 552 852 Horatii
577 810 784 864 elegantiis
816 823 865 849 ex
888 823 1121 865 graecorum
1143 812 1486 866 Epigrammatutn

226 878 409 922 fontibus
435 875 675 921 illustrandis
710 876 923 917 admodum
953 874 1148 920 sedulum.
1197 880 1392 919 Fraudem
1422 892 1488 921 re-

226 946 415 989 centioris
448 946 623 1000 graeculi
652 941 863 997 suspicatur
895 942 1071 984 Chardon
1098 944 1140 984 de
1173 943 1210 985 la
1237 945 1414 986 Rochette
1439 948 1484 988 in

224 1009 371 1057 Museo
398 1013 614 1069 Encyclop.
643 1017 749 1054 Ann.
777 1011 846 1052 lv.
874 1014 924 1052 T.
945 1014 975 1051 1.
1005 1026 1043 1064 p·
1070 1012 1130 1062 56
1139 1021 1177 1063 3.
1228 1013 1401 1069 Elegans
1431 1023 1487 1054 ta-

224 1094 323 1123 men
346 1081 617 1135 Epigramma,
653 1092 727 1119 uec
751 1089 888 1118 vetere
907 1082 1021 1131 poe'ta
1041 1079 1268 1134 indignum.
1290 1101 1356 1110 —
1395 1080 1487 1122 Phi-

225 1149 430 1197 lodemus,
461 1148 531 1200 qui
562 1144 675 1186 fimul
695 1147 910 1187 Romanam
931 1146 1104 1198 puellam
1127 1148 1245 1198 paulo
1279 1145 1483 1189 severioris

225 1216 384 1271 ingenii
403 1225 444 1255 et
465 1213 716 1258 Corinthiam
734 1210 1013 1253 lasciviffimam
1033 1228 1165 1254 amare
1187 1213 1367 1270 fingitur,
1399 1228 1485 1256 me-

222 1283 452 1324 retriculam
482 1292 685 1322 matronae
714 1279 1016 1334 praeferendam
1045 1281 1250 1321 existimat.
1271 1303 1338 1312 -—
1365 1285 1415 1325 V,
1437 1293 1483 1335 4.

219 1355 290 1391 ὰπὸ
320 1354 547 1398 κεκρυφάλου.
595 1349 825 1388 lmmutavit
851 1351 968 1401 polita
993 1348 1235 1389 locutionem
1264 1351 1484 1402 paroemia·

220 1431 309 1459 cam
340 1422 373 1461 ἐς
399 1421 504 1460 πόδας
531 1420 569 1455 ἔκ
599 1424 763 1464 κεφαλῆς,
809 1428 887 1467 qua
916 1415 1050 1467 plures
1076 1415 1160 1468 post
1188 1416 1395 1458 Homerum
1423 1413 1479 1457 ufi

217 1482 324 1527 sun't.
368 1483 479 1525 Tazos
503 1497 525 1522 a
545 1486 684 1523 vertice
698 1481 853 1536 pulcher
870 1481 921 1521 ad
939 1484 1040 1522 imos.
1058 1483 1199 1523 Horat.
1214 1483 1265 1524 11.
1286 1485 1421 1537 Ep.11.
1435 1496 1480 1535 4.

218 1574 286 1585 --
304 1554 354 1593 V.
375 1561 415 1602 ς.
446 1557 551 1598 χύδην
571 1557 725 1598 παρέχει.
776 1549 881 1590 Hinc
903 1548 1038 1590 Strato
1065 1551 1139 1603 Ep.
1159 1552 1279 1593 XLII.
1307 1558 1366 1592 τὸν
1394 1555 1483 1592 εὖθῦ

218 1625 368 1662 θέλοντα
397 1618 453 1662 καὶ
476 1626 674 1669 παρέχοντα
704 1622 822 1665 χύδην.
865 1617 1030 1669 Proprie
1057 1616 1108 1657 de
1133 1618 1408 1658 meretricibus
1437 1629 1480 1660 et

217 1689 352 1742 pueris
372 1686 584 1726 meritoriis
611 1694 788 1732 παρέχειν.
808 1708 873 1715 -
916 1684 964 1723 V.
988 1683 1029 1723 6.
1050 1698 1263 1733 πλαπουςγ.
1293 1686 1406 1726 Idem
1426 1685 1479 1726 de

215 1753 606 1806 mulier-&impudica
631 1751 801 1793 Tibullus
819 1753 849 1792 1.
871 1752 932 1793 El.
957 1753 1023 1794 IX.
1047 1753 1124 1803 63.
1143 1752 1217 1792 Illa
1238 1752 1344 1793 nulla
1364 1765 1481 1807 queat

213 1822 345 1863 melius
373 1820 585 1871 consumere
613 1820 775 1870 noetem,
813 1819 896 1858 Aut
924 1830 1076 1874 operum
1105 1822 1232 1860 varias
1260 1819 1484 1875 disposutjffe‘e·

213 1893 318 1930 vices.
358 1885 480 1930 Lusus
500 1889 544 1929 in
565 1888 689 1939 Priap.
712 1887 782 1926 [ΙΙ.

450 1970 650 2023 Obscoenis
675 1970 805 2025 rigido
828 1969 892 2009 deo
913 1967 1066 2010 tabellas

448 2040 601 2080 Ducem
623 2051 670 2078 ex
692 2036 958 2090 Elephantidos
980 2035 1124 2089 libellis,

443 2106 533 2147 Dat
552 2105 689 2145 donum
707 2103 867 2159 Lalage:
896 2117 1094 2159 rogatque,
1126 2116 1256 2156 tentes,

449 2173 491 2213 Si
517 2173 634 2226 pic'las
655 2183 744 2225 opus
764 2172 847 2210 edat
867 2171 917 2211 ad
928 2170 1094 2227 figuras.

213 2260 332 2309 Quae
363 2257 428 2298 hic
455 2254 607 2312 figurae
635 2252 747 2306 sunt,
784 2254 888 2307 apud
923 2252 1179 2295 Philodemum
1200 2260 1300 2294 τύποι
1326 2267 1468 2295 vocan-

210 2339 290 2369 tur.
316 2328 393 2368 ‘De
416 2322 681 2376 Elephantide
699 2323 866 2374 ejusque
889 2322 990 2361 libro
1013 2323 1102 2362 vide
1127 2322 1277 2375 Intrpp.
1297 2321 1473 2362 Suetonii

209 2395 262 2436 ad
293 2393 432 2434 Tiber.
460 2391 599 2432 me.
651 2388 799 2430 fabric.
822 2389 921 2429 Bibl.
939 2390 1009 2431 Gr.
1038 2391 1085 2429 T.
1110 2391 1178 2430 vl.
1214 2404 1252 2441 p.
1279 2394 1386 2436 811.
1405 2407 1472 2421 —·

203 2463 261 2503 V.
286 2472 329 2511 7.
348 2467 384 2499 τί
406 2465 443 2499 δὲ
462 2463 554 2506 μίαν.
571 2455 712 2497 Sched.
734 2458 891 2496 Lacroz.
931 2453 971 2494 ἂν
992 2454 1237 2496 deditReisk.
1259 2455 1470 2509 quodcum

209 2534 398 2572 emi-ems«,-
419 2523 615 2566 soloecum
635 2523 701 2563 est.
738 2529 768 2562 εἲ
788 2524 959 2563 correxit
988 2523 1104 2576 Toup.
1125 2525 1168 2565 in
1190 2526 1274 2565 Em.
1301 2525 1343 2563 in
1357 2522 1468 2562 Suid.

203 2599 252 2638 «P.
276 2599 327 2638 u.
359 2608 398 2646 p.
422 2597 530 2645 158.
553 2612 620 2622 -ν
656 2588 789 2632 ''Am-ou
819 2589 941 2638 alem.
972 2605 1108 2646 apogr.
1138 2588 1241 2644 Lips.
1284 2595 1405 2631 Πεῖσόν
1432 2589 1469 2636 μ’
