1598 2866
233 181 331 214 200
537 181 930 212 Aru-zuonrs
970 182 1205 234 tanen.
1364 176 1507 228 1179.

241 293 342 336 vidit
373 294 511 346 poeta,
545 293 665 346 quid,
702 290 868 346 quaeso,
908 295 953 336 in
986 307 1036 336 eo
1067 297 1216 346 inerat,
1257 296 1365 350 quod
1390 296 1507 351 ipsms

244 362 424 402 animum
462 362 606 401 timore
638 361 900 411 percelleret?
953 350 1117 404 Sivero
1148 377 1250 415 puer
1279 363 1509 417 pharetram

243 441 393 485 gerens
433 428 640 483 gallosque
688 429 928 483 gallinaceos
973 425 1103 470 secum
1154 430 1323 482 ducens,
1373 429 1509 473 secun-

247 496 344 537 dum
369 493 658 549 philosophiam
688 494 944 544 ὅνειρσκριτικῆν
977 496 1128 550 aliquid
1163 499 1257 539 mali
1293 500 1512 552 portende-

247 564 336 613 bat,
370 563 412 603 id
442 577 464 603 a
492 566 607 616 poe’ta
635 560 816 604 disertius
852 563 1132 615 explicandum
1160 577 1257 606 erat.
1313 566 1394 608 Sed
1426 582 1510 609 non

249 644 349 685 opus
371 629 449 680 est,
482 630 550 670 diu
578 631 621 670 in
646 630 706 670 his
726 631 962 682 conjeeturis
980 630 1200 673 refutandis
1230 633 1508 676 immoremur.

250 722 316 730 --
344 700 444 738 Rem
471 694 591 750 ipsam
611 694 841 750 speEtemus.
891 700 960 749 Ea,
997 698 1045 739 de
1066 698 1212 752 quibus
1241 700 1317 742 hoc
1336 704 1513 743 carmine

248 767 406 822 agitur,
445 762 490 805 in
520 766 647 816 patria
677 764 895 806 Echedemi
928 767 1047 807 domo
1076 766 1178 807 faeta
1206 764 1285 809 effe
1313 769 1516 812 videntur.

254 835 377 882 Puer,
409 847 431 872 a
460 843 574 886 patre
602 831 840 882 custoditus,
875 843 920 874 ut
949 831 990 874 se
1020 844 1156 875 tamen
1175 837 1325 876 amanti
1342 837 1514 892 morige-

255 913 345 942 rum
372 910 544 956 gereret,
576 899 789 941 custodiam
811 899 966 951 fallens,
989 899 1247 943 descenderat
1268 902 1316 943 ad
1338 904 1516 954 januam,

255 967 396 1021 ibique
416 968 555 1017 latens,
577 982 660 1008 non
681 965 763 1008 fine
783 970 892 1022 gravi
915 970 1073 1019 timore,
1100 980 1256 1022 partem
1278 971 1402 1011 noffls
1424 985 1517 1011 cum

257 1044 418 1075 amante
438 1044 693 1090 transegerat.
739 1037 824 1076 Hoc
856 1047 1141 1091 argumentum
1170 1036 1197 1077 {i
1218 1037 1477 1091 probabiliter
1495 1052 1519 1078 a

257 1101 373 1143 nobis
410 1100 600 1158 fingitur,
652 1102 772 1144 verba
810 1103 1124 1155 depravatissima
1173 1102 1225 1145 fic
1276 1105 1520 1146 restituenda

255 1166 456 1223 suspicor:

359 1276 361 1278 ,
394 1241 566 1284 δειμαίνων
579 1244 591 1258 ’
624 1242 704 1281 παῖς
728 1244 797 1286 γὰρ
816 1245 1032 1286 μεσονύκτιος
1050 1233 1135 1283 ἦλθε
1154 1249 1388 1290 ΘΤΡΕΤΡΘΝ,

462 1299 523 1344 εἶτ’
540 1305 616 1343 ἀίων
641 1309 798 1349 κελάδους
819 1302 925 1353 ἔχετ’
946 1312 1175 1355 ἀλεκτρυόνος.

260 1367 384 1421 Haec,
418 1372 461 1411 ni
486 1369 616 1423 fallor,
647 1369 798 1412 sensum
826 1372 1007 1414 efficiunt
1038 1374 1152 1415 valde
1175 1374 1445 1426 commodum,
1478 1384 1522 1416 et

261 1453 286 1478 a
309 1438 468 1480 Codicis
500 1434 689 1492 scriptura
717 1442 896 1492 proxime
919 1438 1072 1482 absunt.
1107 1447 1279 1489 δειμαίνων
1298 1456 1388 1483 cum
1409 1455 1523 1494 prae·

252 1504 500 1554 ,cedentibus
525 1507 630 1547 arae
657 1508 909 1563 jungendum
942 1508 1007 1549 est.
1052 1507 1192 1549 Tibull.
1212 1512 1243 1550 1.
1266 1510 1327 1551 El.
1354 1512 1424 1552 VI.
1448 1518 1524 1560 59.

263 1573 365 1613 Haec
407 1572 501 1613 mihi
533 1587 571 1614 te
611 1574 767 1615 adducit
807 1574 991 1626 tenebris,
1034 1591 1069 1616 m
1081 1576 1293 1632 ultaque
1333 1579 1524 1616 timore

264 1638 477 1697 conjungit
503 1640 645 1694 nostras
676 1642 766 1682 clam
798 1646 997 1684 taciturna
1038 1657 1180 1686 manus.
1243 1643 1363 1686 conf.
1394 1644 1527 1684 Marc.

265 1708 431 1764 Argent·
459 1711 530 1763 Ep.
560 1710 663 1750 Xlu.
688 1730 750 1739 -—·-
784 1717 1010 1759 μεσονύκτιος,
1037 1721 1083 1751 ut
1108 1711 1294 1752 Theocrit.
1316 1712 1424 1752 XIII·
1450 1711 1526 1762 69.

265 1780 361 1814 ἱστίαι
390 1774 418 1814 δ’
445 1775 552 1820 »iisset
580 1784 791 1825 μεσονύκτιον
813 1783 1046 1827 ἐξεκάθαιρον.
1092 1777 1156 1821 Cf.
1179 1777 1267 1821 Eid·
1287 1779 1428 1820 XXIV.
1454 1788 1471 1818 1
1489 1787 1527 1818 l'-

260 1851 311 1882 >et
323 1856 426 1895 quae
445 1845 606 1900 collegit
620 1844 798 1897 Wetsten.
818 1845 867 1886 ad
887 1848 936 1886 N.
956 1848 1044 1888 T.1.
1065 1859 1106 1898 p.
1123 1845 1232 1899 624'.
1277 1848 1436 1894 θύρετρον
1453 1859 1527 1897 pro

266 1912 395 1958 θύραν,
435 1910 563 1952 forma
601 1913 704 1965 apud
744 1917 877 1966 poetas
919 1914 1046 1953 obvia.
1094 1914 1247 1953 Homer.
1278 1915 1325 1954 11.
1353 1922 1385 1960 β.
1415 1922 1528 1964 415.

274 1974 413 2017 Tibull.
435 1980 462 2017 Ι.
483 1978 596 2034 Eleg.
622 1982 687 2020 lX.
710 1989 788 2035 43.
810 1979 921 2034 Saepe
940 1980 1155 2034 insperanti
1178 1982 1279 2019 venit
1301 1978 1377 2019 tibi
1403 1991 1530 2020 mune-

256 2056 311 2083 rre
340 2043 467 2095 nostro
494 2044 664 2099 (puella)
693 2048 745 2087 Et
773 2047 891 2088 latuit
924 2047 1069 2098 clausas
1098 2046 1181 2100 post
1210 2047 1388 2101 adoperta
1402 2047 1530 2099 fores.

268 2110 448 2163 Propert.
481 2115 522 2153 L.
555 2117 601 2154 u.
623 2114 713 2155 Vn.
737 2123 812 2165 92.
841 2114 998 2155 Furtim
1031 2114 1170 2167 mtsero
1192 2115 1317 2168 janua
1351 2114 1531 2167 adoperta

268 2178 378 2220 mibi.
398 2201 462 2210 —
490 2177 553 2219 εἶτ’
572 2182 662 2223 Mam.
695 2182 775 2222 vix
804 2181 1022 2235 quidquam
1043 2183 1192 2235 poterit
1213 2182 1391 2234 reperiri,
1419 2180 1529 2234 quod

267 2247 431 2299 propius
465 2249 624 2289 accedat
655 2249 704 2290 ad
732 2249 831 2290 Cod.
856 2249 1066 2289 leEiionem
1093 2254 1254 2298 azroetmvg
1289 2249 1531 2302 quantillum

266 2323 403 2354 autem
424 2314 578 2356 interfit
598 2318 705 2357 inter
724 2327 911 2357 ΚΑιΔοτΣ
931 2327 972 2357 et
994 2326 1236 2367 ΚεΛΑΔοτε,
1255 2317 1297 2356 iu
1317 2316 1450 2356 oculos
1472 2316 1531 2355 in-

255 2381 406 2429 rcurrit.
444 2383 693 2425 Vocabulum
713 2389 850 2425 κέλαδον
870 2384 921 2425 de
940 2385 1034 2439 galli
1054 2394 1171 2424 cantu
1192 2384 1297 2424 recle
1314 2383 1391 2423 dici
1409 2380 1533 2434 pofl'e,

268 2448 405 2490 nullus
431 2450 593 2502 dubito,
628 2466 719 2493 cum
747 2462 830 2493 non
862 2448 988 2492 solum
1008 2451 1060 2492 de
1085 2452 1224 2505 quovis
1255 2449 1431 2503 strepitu,
1463 2462 1533 2490 ve·

269 2528 361 2555 rum
383 2518 506 2558 etiam
536 2519 587 2560 de
609 2516 705 2562 sono
740 2518 885 2560 mufico
913 2516 1133 2572 usurpetur.
1175 2523 1314 2559 κέλαδον
1345 2517 1534 2557 ἑπτατόνου

251 2587 387 2633 ‚Mevte-
431 2586 612 2643 Euripid-
639 2587 772 2644 lphig.
799 2587 849 2628 T.
875 2595 1014 2639 1129.
1035 2605 1103 2635 ····.
1141 2585 1262 2640 Puer,
1288 2585 1424 2627 audito
1441 2582 1537 2640 gal-li
