1598 2866
19 34 54 77 Ξῖ]

23 76 55 119 3,

77 175 446 233 .IL·107.·{.108.
520 183 1032 216 emorrannum-A.
1227 190 1231 193 -
1263 175 1359 223 283

103 292 204 345 {ores
236 296 330 338 istae
360 295 556 337 tinarices
586 298 836 352 pigmenta,¹
865 306 1075 352 unguenta
1103 306 1145 336 et
1173 296 1371 348 reliquam

104 363 248 412 „suam
269 361 553 415 supelleffilem
566 396 576 415 ‚
605 379 725 416 quam
747 372 879 413 γςότην
898 365 1042 404 Graeci
1063 364 1276 416 appellant,
1307 375 1371 402 re-

105 430 415 477 „condebant.“
452 433 560 472 Haec
595 430 774 485 Toupius.
803 451 871 461 —
920 432 971 473 V.
994 439 1039 481 7.
1076 430 1246 476 ἑταιρίαις.
1277 432 1369 470 Vat.

107 498 211 540 Cod.
233 518 301 530 —
331 502 387 536 ἐπὶ
410 501 592 547 προθύμων.
627 500 672 539 in
690 498 881 540 vestibulo
900 495 1043 548 sacelli,
1065 494 1340 550 Priapo'sacri.

204 565 284 606 ΙΠ.
318 563 423 610 cod,
436 566 526 608 Vat.
540 580 580 619 p.
597 575 619 615 3
634 575 650 605 1
663 569 703 612 8.
733 565 899 607 Planud.
911 580 951 618 p.
966 577 992 605 2
1003 568 1025 611 8
1037 574 1058 614 3
1073 565 1104 604 ³.
1119 566 1175 604 St.
1192 576 1219 614 4
1234 565 1373 605 10.W.

20 627 31 641 ⁴
77 671 81 674 .
106 633 290 675 Tabulae
313 633 438 685 pissae
465 643 748 688 argumentum
771 632 846 673 hoc
863 633 1041 692 carmine
1060 632 1237 671 enarrari
1256 628 1376 681 suspi-

63 728 66 729 ν
106 713 190 741 cor.
229 697 408 755 Thyrfis,
442 701 511 753 qui
546 699 821 755 Nympharum
857 713 1001 755 greges
1029 695 1179 738 solebat
1205 695 1377 751 pascere,

107 768 154 809 in
181 767 267 820 pini
297 767 438 807 umbra
468 767 641 812 dormit3
683 780 809 820 prope
839 767 963 807 adstat
994 771 1143 814 Amor,
1186 765 1376 818 pedeque

109 830 252 884 sumto,
279 832 472 887 pastorem
494 835 591 889 agit.
628 835 706 875 Pro
727 838 879 876 Amore
907 831 1094 874 sollicitus
1113 837 1229 886 poeta
1251 835 1377 887 Nym-

107 900 208 956 phas
241 911 405 950 monet,
440 913 486 942 ut
513 899 1133 956 Thyrfidem-expergefaciant‚
1170 914 1223 941 ne
1248 904 1375 957 Amor

109 966 288 1009 ferarum
318 969 463 1021 praeda
490 967 573 1010 fiat.
596 991 662 998 —
711 969 761 1007 V.
791 978 829 1011 1.
863 974 880 1007 δ
907 975 972 1007 τὸν
1002 985 1031 1008 ν.
1058 969 1149 1009 Var.
1171 965 1273 1008 cod.
1310 987 1380 996 -—

109 1037 164 1075 V.
192 1043 233 1084 3.
255 1041 408 1083 οἷνστόηι
437 1035 525 1075 Vat.
562 1046 605 1075 et
628 1041 693 1074 τᾶν
711 1042 825 1078 πίτυν.
845 1056 913 1065 —
956 1037 1006 1075 V.
1027 1045 1070 1085 4.
1101 1036 1170 1075 Dii
1192 1048 1380 1075 nonnun—

113 1115 235 1154 quam
271 1101 486 1155 pastoribus
530 1100 662 1142 adeffe
698 1115 920 1156 eorumque
961 1115 1131 1141 munera
1167 1100 1380 1157 finguntur

113 1166 321 1230 suscipere.
363 1169 507 1209 Antan.
528 1167 659 1210 Liber.
680 1183 715 1212 c.
734 1172 861 1212 xxu.
884 1184 924 1223 p.
950 1178 1058 1220 142.
1087 1163 1140 1208 de
1160 1169 1379 1219 Terambo,

113 1234 263 1277 mufico
287 1235 634 1287 praestantiffimo:
664 1242 800 1284 ἐγένετο
830 1242 866 1277 δὲ
888 1239 986 1285 αὐτῇ
1008 1239 1197 1284 θρέμματα
1217 1242 1380 1287 πλεῖστα,

114 1302 171 1347 καὶ
198 1307 289 1342 αὐτ-ἃ
305 1308 492 1349 ἐποίμαινεν
512 1310 631 1356 αὐτὸς,
659 1311 802 1352 Νύμφαι,
822 1311 858 1344 δὲ
885 1310 1135 1352 συνελάμβανον
1154 1306 1262 1352 αὐτῷ,
1291 1310 1381 1343 διότι

112 1375 226 1414 advoc,-
257 1374 290 1408 ἐν
316 1373 388 1414 τοῖς
417 1385 524 1418 egsum
511 1367 633 1420 ᾄδων
661 1367 811 1419 ἔτερπεν,
834 1394 900 1402 -
934 1373 986 1411 V.
1013 1380 1063 1420 5.·
1056 1371 1203 1423 Apud
1222 1370 1382 1423 Hesych.

112 1449 167 1478 ex
187 1436 263 1477 hoc
286 1438 371 1477 loco
392 1450 465 1490 pro
480 1441 694 1487 Λυκοθρασῆς
722 1439 889 1522 Toupius
899 1441 989 1480 Em.
1006 1439 1050 1479 in
1067 1435 1241 1493 Hesych.
1248 1441 1298 1478 T.
1315 1438 1383 1479 IV.

112 1517 153 1557 Ρ.
177 1513 285 1555 335.
315 1505 501 1559 corrigit:
534 1504 761 1554 mnasonem.
762 1492 942 1556 'Menae
968 1526 1037 1536 -—
1078 1507 1130 1547 V.
1155 1507 1199 1547 6.
1227 1513 1286 1554 γέν
1272 1505 1345 1550 v’n9
1364 1510 1384 1544 ὅ

108 1568 163 1611 '2-
189 1572 337 1627 Vulgo.

213 1679 256 1718 ἵ.
283 1671 409 1727 108.]
439 1675 510 1718 IV.
538 1678 630 1718 Vat.
656 1675 758 1718 Cod.
782 1692 820 1730 p.
842 1681 948 1727 518.
1000 1677 1114 1718 Plan.
1132 1690 1172 1729 p.
1199 1685 1305 1728 134.
1330 1675 1388 1719 St.

123 1744 309 1792 193.W.
348 1744 534 1794 Verulae,
564 1758 667 1797 quae
694 1746 908 1797 juvencula
931 1744 1058 1785 videri
1091 1743 1263 1791 volebat,
1297 1756 1390 1783 con·

115 1806 247 1849 filium
270 1810 338 1851 dat
360 1813 491 1864 poeta,
524 1812 727 1865 quomodo
749 1809 1023 1866 repuerascere
1042 1811 1170 1866 poffit.
1201 1808 1387 1850 Martial.

114 1876 297 1917 1.101.
336 1888 538 1931 comparat
586 1876 745 1936 Leffiug.
787 1879 839 1920 de
877 1881 1015 1935 Epigr.
1056 1881 1175 1920 Tom.
1214 1879 1246 1916 1
1284 1879 1389 1930 Opp-

118 1955 161 1996 Ρ·
183 1947 293 1994 298
320 1941 374 1997 sq·

186 2027 376 2068 Mammas
392 2040 505 2082 atque
532 2041 637 2069 tatas
659 2027 768 2070 babet
791 2029 927 2083 Afra:
947 2028 1021 2081 fid
1042 2028 1126 2082 ipfiz
1148 2040 1326 2068 tatarum

254 2096 351 2135 Dici
374 2107 409 2134 et
426 2109 678 2138 mammarum
697 2100 864 2137 maxima
890 2111 1047 2137 mamma
1066 2094 1199 2150 potest,

122 2197 189 2210 ·-
205 2180 254 2220 V.
278 2187 317 2219 1.
337 2176 357 2217 ὗ
376 2179 574 2228 τετρακόσι’
592 2184 679 2219 ἐστί-
709 2176 731 2218 ῧ
757 2178 813 2220 est
835 2180 1062 2231 interjeffio
1087 2178 1391 2229 admirantium,

119 2245 292 2286 docente
321 2244 443 2287 Schol.
465 2247 515 2287 ad
537 2244 731 2302 Aristoph.
755 2247 861 2288 Plut.
881 2262 919 2290 v,
945 2245 1052 2297 896.
1084 2246 1195 2286 unde
1226 2246 1390 2285 Suidas:

122 2309 159 2362 ὅ,
190 2316 349 2361 ὶπίᾗρημα
377 2316 625 2360 &aunan-mbr.
681 2316 772 2368 Jam
801 2312 914 2370 finge
945 2313 1020 2354 tibi
1044 2313 1232 2359 vetulam,
1267 2311 1396 2352 infan-

125 2379 227 2418 tium
256 2381 298 2420 in
331 2393 487 2421 morem
510 2381 645 2421 omnia
666 2381 958 2432 admirantem,
991 2394 1061 2421 ore
1084 2380 1337 2420 balbutiente
1353 2389 1398 2417 et

125 2443 274 2489 blaeso.
341 2449 459 2498 Quae
494 2461 586 2488 cum
614 2447 852 2500 frequenter
886 2450 955 2489 illa
993 2447 1272 2499 interjeffione
1303 2443 1336 2495 ὅ,
1362 2441 1399 2495 ῧ,

126 2522 277 2564 utatur,
297 2518 412 2566 poeta
433 2515 510 2556 hoc
530 2516 709 2571 maligne
733 2517 1025 2568 interpretatur
1043 2511 1124 2569 '‘fic,
1153 2523 1198 2552 ut
1218 2526 1304 2552 eam
1331 2526 1401 2551 an-

125 2591 274 2622 norum
290 2577 455 2623 suorum
476 2595 694 2624 numerum
716 2583 888 2628 clamare
914 2582 1034 2628 dieat,
1063 2581 1198 2622 Litera
1216 2592 1244 2619 τ
1265 2590 1402 2620 autem
