1598 2866
266 225 360 258 212
711 223 1080 255 Partonnmr
1388 215 1531 268 1¹·83·

266 342 420 384 Demus
442 333 602 379 sortaffe
625 336 854 392 Hyccarica,
884 347 931 377 ut
949 339 1050 380 La'i's.
1087 337 1194 381 Vide
1212 336 1350 380 Athen.
1368 339 1535 381 LXIII.

267 423 307 462 p.
323 418 345 458 5
357 411 378 453 8
391 411 430 453 8.
444 409 487 447 B.
500 406 547 446 C.
566 415 606 444 et
619 404 830 445 Burmann.
848 404 896 444 ad
909 405 1147 459 Propert.ll.
1164 407 1223 447 El.
1240 415 1278 455 5.
1296 421 1332 460 p.
1349 415 1457 457 249.
1468 426 1536 436 --

268 478 320 516 V,
337 483 376 524 5.
393 470 505 525 Ipsae
528 472 651 527 igitur
665 474 804 511 Parcae
826 485 891 511 me
913 472 1191 513 Philodemum
1203 474 1466 526 appellarunt,
1487 483 1535 514 ut

271 556 338 583 me
357 554 563 592 nunquam
586 552 669 579 uon
690 541 843 579 Demus
864 540 1067 590 cujusdam
1096 550 1254 580 teneret
1281 539 1535 581 desiderium.

271 611 327 652 Et
338 609 488 661 semper
508 606 619 656 causa
638 604 699 658 est,
721 620 789 646 cur
811 620 875 661 ego
888 606 1037 660 semper
1053 620 1181 647 amem.
1207 607 1292 655 Sive
1310 611 1367 647 ita
1387 608 1536 658 nascen-

273 680 309 718 ti
336 677 445 732 legem
472 674 603 714 dixere
622 672 801 724 sorores,
844 674 922 712 Nec
950 674 1040 713 data
1063 674 1166 725 fient
1185 676 1286 714 vitae
1299 673 1373 727 fila
1395 675 1535 726 severa

272 758 381 798 meae.
429 741 588 794 Sappho
618 742 661 780 in
691 740 812 794 Epist.
841 754 903 791 ap.
938 741 1049 783 Ovid.
1077 743 1162 783 XV.
1197 745 1270 787 80.
1321 740 1534 783 Protefilao

272 813 412 853 Parcas
449 809 525 848 hoc
555 821 706 848 nomen
737 806 937 859 tribuifl'e,
990 818 1036 848 ut
1062 807 1244 848 futurum
1275 809 1361 860 ejus
1400 806 1532 849 casum

273 875 563 933 fignificarent,
598 875 700 916 dixit
726 874 922 926 Ausonius
949 877 1020 928 Ep.
1049 878 1133 916 ΧΧ.
1158 887 1200 925 4.
1231 875 1436 927 Protefilae
1457 874 1533 915 tibi

273 958 404 986 nomen
444 942 476 982 ic
495 942 590 983 Fata
616 942 819 994 dederunt,
863 943 1020 983 Vic‘tima
1043 942 1145 996 quod
1170 942 1307 996 Trojae
1319 946 1446 997 prima
1455 942 1535 995 fu-

275 1026 390 1053 turus
419 1024 514 1051 eras.
573 1011 678 1051 Cum
711 1009 925 1050 Philodemo
953 1008 1002 1051 cf.
1035 1009 1274 1071 Meleagrum
1302 1012 1376 1063 Ep.
1394 1011 1533 1052 XXXI.

274 1079 380 1120 Vide
400 1081 494 1119 Not.
517 1079 568 1118 T.
589 1080 619 1119 1.
651 1092 687 1131 p.
714 1085 790 1126 51.
814 1074 868 1131 sq.

373 1180 455 1222 ΙΙΙ,
485 1180 587 1223 Cod.
604 1182 692 1222 Vat.
710 1195 748 1234 p.
771 1189 849 1233 95⁹.
886 1180 1021 1221 Edidit
1045 1178 1216 1220 Reisltiur
1231 1180 1275 1221 in
1298 1177 1409 1222 Misc.
1434 1176 1538 1234 Lips.

273 1250 344 1292 lx.
365 1263 406 1302 p·
434 1259 452 1288 1
468 1258 537 1300 14.
568 1262 629 1290 nr.
652 1256 764 1299 291.
821 1251 964 1288 Poetae
983 1262 1072 1288 cum
1105 1249 1315 1288 meretrice
1340 1261 1537 1302 perquam

274 1317 452 1357 humana
475 1316 731 1368 colloquium.
751 1335 816 1343 —-
853 1317 903 1355 V.
934 1326 969 1356 ι.
1001 1323 1057 1354 καὶ
1077 1321 1256 1363 σύγχαιρε.
1279 1329 1412 1371 apogr.
1433 1311 1536 1367 Lips.

275 1401 341 1414 -—·
363 1384 461 1423 Mox
489 1383 532 1422 in
555 1379 920 1434 puellae‘responso
942 1382 1042 1423 Cod.
1062 1384 1152 1423 Vat.
1181 1395 1261 1421 non
1282 1389 1320 1420 τί
1341 1388 1388 1432 δὲ,
1417 1393 1462 1422 ut
1482 1382 1534 1423 R.

275 1449 343 1492 sed
372 1457 411 1491 σὲ
437 1456 472 1490 δὲ
514 1449 691 1491 exhibet.
748 1450 857 1490 liaeo
885 1459 927 1489 et
953 1463 1057 1502 quae
1083 1451 1263 1501 proxime
1297 1447 1534 1502 sequuntur,

275 1516 499 1560 obscuriora
519 1516 625 1559 sunt.
670 1515 842 1557 Reiskius
870 1517 1010 1557 vertit:
1055 1516 1146 1571 Qo
1166 1519 1312 1556 nomine
1331 1528 1479 1570 oportet
1500 1529 1537 1556 te

275 1585 421 1626 citare?
449 1606 489 1615 -
541 1583 652 1640 Qid
678 1598 765 1624 vero
793 1584 860 1624 hoc
877 1585 928 1623 ad
942 1583 1008 1623 te?
1050 1583 1230 1625 Nondum
1253 1583 1320 1623 hoc
1339 1597 1483 1637 quaere.
1505 1572 1537 1613 ἒ-

275 1653 382 1694 Seria
399 1652 461 1693 es?
491 1675 533 1683 —
579 1652 709 1706 Neque
738 1664 783 1692 tu
811 1651 883 1703 esto
907 1651 1049 1702 firius.
1093 1651 1170 1690 Sed
1202 1650 1294 1690 haec
1321 1665 1402 1691 non
1427 1651 1533 1691 bene

274 1721 505 1773 cohaerent.
555 1708 782 1760 Verborum
816 1719 913 1759 ordo
944 1716 1104 1758 fortafl'e
1136 1717 1322 1758 nonnihil
1352 1717 1534 1759 turbatus

275 1787 344 1831 est.
386 1788 508 1829 Certe
530 1786 632 1828 nihil
655 1783 898 1827 obscuritatis
927 1785 1172 1836 remanebit,
1202 1783 1229 1824 fi
1250 1782 1465 1840 scripserist

550 1876 584 1895 “-
602 1876 640 1908 τί
655 1875 711 1909 δεῖ
729 1886 768 1909 σε
789 1874 902 1908 καλεῖν
912 1885 924 1918 3
955 1867 988 1901 β’
1007 1876 1048 1908 σῦ
1069 1875 1106 1907 τί
1124 1870 1250 1916 τοῦτ-οἱ

472 1948 504 1967 ⁸·
529 1945 574 1983 μῆ
595 1944 638 1977 σι)
664 1942 898 1985 &sabea-eudes.
936 1936 969 1968 ‘³-
989 1935 1078 1983 μήτε
1098 1943 1151 1975 σύ.

272 2025 322 2063 Α.
357 2021 448 2077 Quo
478 2026 624 2061 nomine
652 2020 867 2074 appellanda
895 2019 956 2060 es?
1008 2023 1052 2061 B.
1089 2018 1200 2075 ,Qid
1238 2019 1306 2060 hoc
1342 2018 1530 2074 quaet-1⁸5?

272 2093 323 2132 A.
355 2090 418 2129 Ne
447 2101 493 2128 tu
524 2100 716 2141 tantopere
734 2087 908 2140 festines.
955 2090 997 2128 B.
1023 2088 1079 2127 At
1106 2100 1168 2126 nec
1189 2099 1247 2126 tu.
1304 2088 1430 2142 Finge
1455 2087 1529 2127 tibi

271 2157 445 2210 puellam
468 2170 584 2207 porro
615 2168 807 2206 euntem,
849 2169 972 2208 quare
999 2165 1149 2194 amator
1169 2167 1256 2194 eam
1278 2155 1426 2195 retinet
1448 2167 1530 2195 ver·

271 2224 331 2264 124⁵
359 2232 404 2270 μὴ
428 2230 469 2262 σὺ
492 2229 726 2273 φιλόσσςαμδος.
764 2223 910 2264 Eadem
940 2222 1007 2261 illa
1028 2232 1254 2274 retorquet:
1286 2236 1357 2261 nec
1374 2233 1416 2262 tu
1445 2233 1525 2262 tam

271 2290 505 2332 festinanter
530 2303 636 2346 agas,
702 2290 874 2345 Elegans
903 2291 945 2330 in
975 2289 1035 2329 his
1064 2288 1323 2343 ambiguitas,
1366 2290 1525 2342 qualem

241 2406 250 2409 ,
273 2357 447 2399 diverbia
483 2369 628 2397 amant.
696 2357 907 2397 Festinatio
943 2357 1016 2397 viri
1044 2357 1085 2395 in
1117 2370 1166 2396 eo
1187 2353 1226 2395 se
1247 2356 1526 2407 declaraverat,

270 2426 380 2479 quod
410 2425 536 2465 statim
567 2423 652 2478 post
671 2425 838 2478 primam
863 2422 1140 2464 salutationem
1159 2424 1332 2474 puellam
1362 2436 1526 2477 rogave·

269 2504 330 2535 rat
351 2506 513 2534 nornen.
536 2512 601 2521 --
635 2494 686 2535 V.
712 2501 751 2541 3.
781 2498 845 2530 αἰεὶ
873 2499 930 2531 τῶν
962 2498 1135 2538 φιλέοντα.
1170 2504 1262 2530 eum
1283 2487 1438 2543 semper
1461 2489 1527 2529 ha-

265 2559 366 2610 beo,
402 2561 470 2613 qui
501 2572 567 2598 me
597 2558 746 2598 habere
773 2561 915 2611 cupiat.
941 2580 1004 2589 --
1053 2560 1100 2597 V.
1131 2569 1171 2608 4.
1201 2554 1271 2596 εἶτ’
1300 2563 1366 2596 ἀπὸ
1398 2560 1460 2598 σοῦ
1485 2574 1526 2597 π.

264 2640 402 2681 apogr.
435 2623 537 2680 Lips.
570 2626 679 2668 unde
701 2626 751 2667 R.
802 2624 864 2666 εἶτ’
888 2631 955 2665 bora
985 2627 1059 2667 σοῦ.
1097 2634 1278 2666 vertens:
1315 2637 1409 2665 anne
1439 2636 1527 2664 vero
