1598 2866
15 125 17 128 ’
92 137 389 195 12564157.
472 148 998 190 annuntientur.
1270 115 1363 195 17?

96 265 209 317 εἶναι
231 275 358 314 φ.-
394 261 496 314 ζόη,
529 263 736 319 cingulum
775 264 971 316 militare,
1011 261 1134 316 ipsam
1173 266 1362 321 militiam

101 334 280 375 denotat.
321 330 586 384 cappadoce-⁹,
618 330 802 371 homines
828 333 1006 387 ignavos,
1037 334 1080 372 in
1102 332 1209 373 bello
1238 336 1361 375 etiam

98 400 324 456 ignaviores
352 396 434 439 effe
460 394 588 448 solito,
619 399 686 438 ait.
707 417 771 427 —-
813 401 864 442 V.
893 409 934 449 3.
967 405 1152 448 δράξωνηη
1181 414 1234 440 ex
1267 401 1361 444 Ald.
1404 446 1407 449 ,

100 481 162 521 pr.
190 477 234 508 et
252 463 412 510 Ascens.
434 466 584 519 recepit
603 463 823 518 Stephanus.
869 468 1035 508 Veteres
1056 467 1165 506 enim
1186 467 1276 507 edd.
1297 481 1360 509 re-

96 534 233 588 liquae
258 538 522 583 &gaf-wrm—
548 533 596 572 In
614 533 947 585 interpretatione
972 533 1184 574 verborum
1206 541 1361 582 μεγάλης

95 598 230 647 hinne
253 612 295 643 et
323 601 535 655 Opsopoeus
567 613 590 639 a
618 612 711 640 vero
743 598 963 652 aberravit,
994 614 1069 642 nec
1083 601 1277 642 Brodaeus
1298 614 1362 643 ve-

94 679 186 708 rum
208 668 321 710 vidit.
375 668 492 709 Refflz
522 666 709 707 Grotius.-

230 734 350 791 Qod
368 731 413 786 si
422 746 616 789 praeterea
635 733 773 783 fiamat
789 730 847 773 bis
866 745 972 773 terve
991 734 1148 788 curules,

293 801 403 842 Ilicet
444 800 569 841 evadit
596 795 942 854 peffimipeffimina.

98 866 211 915 laen‘m
231 880 428 926 carrucam
446 865 660 923 fignificat,
691 879 862 919 quatuor
882 869 994 921 equis
1019 869 1195 920 junstam
1212 869 1358 912 aureis·

97 948 180 989 que
209 935 368 976 laminis
397 935 618 984 indu&am‚
661 947 740 987 qua
769 935 1016 990 magistratus
1050 935 1267 977 utebantur
1298 940 1360 978 in-

96 1001 302 1059 figniores.
345 1004 436 1058 Jam
460 999 569 1046 ἀπή-,η
596 1002 760 1052 ponitur
787 1016 859 1056 pro
893 1000 975 1054 ipso
1001 1003 1242 1057 magistratu,
1274 1004 1359 1045 for·

97 1067 196 1110 taffe
214 1068 455 1123 praefeRura
474 1068 632 1108 urbium
651 1070 1023 1122 provinciarumque
1041 1071 1223 1123 imperio.
1253 1072 1358 1113 Vide

98 1134 290 1177 Reiskium
307 1137 351 1178 in
372 1137 484 1176 Notis
503 1135 554 1176 ad
575 1134 780 1179 Constant.
803 1136 946 1189 Porph.
967 1140 1181 1179 Ceremou.
1193 1151 1230 1189 p.
1249 1147 1268 1178 1
1284 1148 1300 1178 1
1313 1138 1356 1182 6.

96 1203 280 1246 ——cnm
299 1202 488 1244 vocabulo
513 1211 888 1254 φανλεπιφαυλότατω,
919 1201 1015 1244 risus
1034 1206 1220 1246 movendi
1243 1202 1358 1247 causa

96 1269 200 1320 fleto,
241 1271 406 1311 Hamus
423 1284 463 1323 p.
489 1278 562 1320 17.
584 1282 784 1322 comparat
796 1271 991 1316 *Nicarchi
1010 1281 1359 1321 Λεπεπιλεπετερος

95 1338 140 1378 in
167 1339 238 1391 Ep.
258 1338 365 1379 XVI.
388 1359 454 1368 ·—-
494 1339 546 1379 V.
566 1346 607 1388 ς.
643 1346 690 1385 μὴ
711 1343 882 1387 τετράκις.
921 1341 995 1389 Ne,
1021 1337 1176 1392 quaeso,
1205 1352 1356 1393 patere,

93 1404 372 1455 Cappadocem
401 1414 541 1458 quarta
579 1406 660 1446 vice
708 1406 906 1458 ejusmodi
942 1405 1212 1461 magistratum
1240 1408 1358 1460 inire,

94 1483 149 1512 ne
176 1483 298 1512 omne
324 1471 548 1512 humanum
583 1485 711 1526 genus
753 1475 943 1526 paulatim
983 1474 1028 1513 in
1075 1474 1357 1527 Cappadocum

89 1551 224 1579 mores
247 1548 290 1580 et
313 1538 493 1580 indolem
513 1539 733 1581 delabatur.

241 1735 519 1779 HIPPIAE
584 1735 736 1778 ELEI
789 1736 1211 1779 EPIGRAMMA.

187 1941 230 1988 11.
255 1931 356 2000 ς7.]
390 1942 436 1981 In
465 1941 595 1982 lucem
625 1942 820 1995 protraxit
847 1940 922 1983 hoc
951 1956 1110 1983 carmen
1143 1941 1353 1982 Gtealterus

0 2026 7 2029 r
88 2008 135 2050 in
162 2004 341 2061 Inscript.
360 2009 435 2051 Sic.
467 2023 506 2063 p.
533 2017 610 2060 27.
645 2009 707 2049 ed.
737 2010 921 2049 Panorm.
955 2024 995 2063 p,
1024 2013 1065 2052 6.
1095 2011 1158 2050 ed.
1182 2007 1354 2051 Messan.

89 2076 196 2117 Hinc
223 2074 479 2116 muratorius
505 2077 547 2117 in
578 2073 771 2117 Thesaur.
801 2091 837 2130 p.
874 2082 984 2129 748.
1012 2087 1055 2128 4.
1104 2075 1276 2116 Dorv'ill.
1302 2075 1354 2115 ad

86 2141 241 2193 charit.
264 2157 306 2196 p.-
338 2144 442 2189 186.
499 2144 787 2203 Τιῇιξῒεινεωιιῑ
814 2139 913 2184 illud
943 2142 1088 2183 Placid.
1110 2143 1275 2195 qunam
1306 2143 1352 2182 in

88 2206 214 2250 Notit.
244 2209 367 2250 Urbis
389 2207 593 2251 Mess'anae
615 2213 655 2261 P.
677 2213 704 2251 1.
724 2224 764 2263 p.
791 2211 894 2251 162.
915 2222 956 2252 et
978 2210 1153 2251 Leichms
1170 2212 1217 2249 in
1238 2206 1351 2250 Mifc.

89 2273 193 2328 Lips.
225 2277 278 2317 T.
302 2279 330 2316 1.
354 2290 393 2328 p.
416 2286 524 2328 500.
554 2288 597 2319 et
622 2279 767 2318 iterum
791 2278 835 2319 in
864 2279 981 2319 Curis
1005 2275 1184 2317 secundis
1210 2291 1248 2329 p.
1272 2284 1348 2324 51.

88 2344 198 2394 Apte
208 2342 415 2384 Gualterus
435 2356 729 2397 comparaverat
741 2345 971 2397 Pausaniam
984 2346 1024 2384 L.
1038 2345 1084 2386 V.
1102 2355 1125 2383 2
1135 2353 1174 2392 5.
1185 2357 1224 2395 p.
1237 2351 1348 2394 442·

93 2407 163 2448 ubi
199 2421 378 2452 narratur
419 2411 670 2468 naufragium
713 2414 878 2468 triginta
910 2413 1090 2464 quinque
1131 2421 1349 2463 puerorum

88 2476 436 2529 Mamertinorum,
472 2480 540 2532 qui
576 2478 770 2534 Rhegium
802 2480 852 2519 ad
881 2477 1025 2520 festum
1054 2478 1110 2517 ibi
1148 2476 1350 2516 celebran-

87 2540 186 2582 dum
206 2542 331 2596 misti,
365 2558 446 2586 una
472 2559 561 2587 cum
589 2545 912 2602 chori-magistro
938 2545 1071 2586 inille
1095 2543 1200 2584 freto
1223 2542 1352 2595 perie-

142 2618 217 2656 Vol.
226 2619 276 2664 ΙΙ,
297 2619 342 2660 Ρ.
359 2631 391 2659 1.
811 2615 858 2653 Μ
