1598 2866
179 175 376 227 ΒΑΗ.
595 180 1074 215 ιΡιαιΑΜΜΛτΑ.
1377 182 1472 227 293

297 297 342 354 71-
367 290 492 353 ιιι]
523 293 597 336 lx.
643 294 813 338 Anthol.
841 297 951 338 Plan.
976 311 1018 351 p.
1046 306 1153 348 300.
1168 299 1234 340 st.
1254 307 1367 349 440.
1399 299 1465 338 W.

198 365 434 412 ’Ana-serm.
488 363 629 418 Cotyn
647 377 789 420 regem
822 369 939 418 poeta
959 366 1051 420 Jovi
1075 366 1267 419 potentia,
1297 364 1462 406 Phoebo

184 430 517 488 pulchritudine,
560 432 686 472 Marti
717 433 866 472 virtute
894 443 1106 486 comparat.
1169 434 1306 472 Plures
1340 432 1464 484 hujus

116 522 130 532 κ
183 499 372 544 nominis
400 511 517 553 reges
545 497 712 539 fuerunt
741 501 784 540 in
812 499 993 541 Thracia.
1045 499 1150 540 Vide
1167 497 1388 540 Fabricium
1411 498 1463 540 ad

177 567 318 610 .Dion.
335 563 437 608 caff-
446 565 496 606 T.
510 566 540 604 Ι·
557 580 593 619 p·
614 576 725 617 749.
739 576 812 617 33.
842 569 940 608 -Hoc
963 568 1050 607 loco
1077 569 1110 607 is
1134 566 1294 607 videtur
1312 567 1463 607 intelli·

193 633 351 689 gendus
369 629 462 680 effe,
496 647 619 686 quem
639 633 774 674 Suidas
793 647 842 674 ex
854 632 1013 685 Polybio
1032 627 1166 675 nai-rat
1187 635 1316 674 virum
1342 631 1461 673 fuifl'e

195 707 288 741 κατὰ
314 708 377 746 τῆν
406 706 603 748 ἐπιφάνειαν
633 706 811 749 &gabaa-,tou
839 703 896 740 xxi
932 709 1012 750 πρὸς
1036 709 1102 746 τὰς
1127 707 1316 749 πολεμικὰς
1343 707 1463 749 χρείας

193 773 410 816 διαφέροντα.
445 769 482 808 1s
492 768 619 823 Cotys
632 766 772 809 Perseo
795 768 952 809 favebat
962 769 1225 810 Macedoniae
1247 769 1348 823 regi,
1369 781 1463 808 cum

180 835 350 876 <bellum
377 832 559 876 adversus
586 838 782 876 Romanos
812 835 1025 876 instrueret
1052 838 1154 877 circa
1185 836 1251 877 01.
1268 836 1393 877 CLII.
1419 846 1460 877 Ι.

183 901 263 944 Cf.
290 903 450 942 Livium
477 905 522 943 L.
548 901 671 944 XLII.
701 913 776 954 29.
807 915 849 943 et
876 904 1098 944 Diodorum
1126 906 1177 946 T.
1199 905 1250 944 11.
1281 918 1321 956 p.
1353 911 1463 953 577.

196 971 268 1023 qui
296 983 391 1010 eum
416 967 638 1025 infignibus
659 982 776 1011 ornat
807 971 1001 1011 laudibus.
1046 973 1130 1022 Qui
1149 971 1256 1011 hunc
1277 972 1458 1023 aliosque

182 1037 317 1090 ,hujus
336 1038 511 1078 nominis
532 1051 647 1093 reges
674 1049 1051 1088 commemorarunt,
1082 1039 1216 1079 laudat
1234 1036 1384 1079 Fabric.
1406 1036 1458 1078 acl

193 1105 318 1146 Dion.
336 1102 442 1146 Cass‘.
463 1107 514 1145 T.
541 1107 572 1146 1.
582 1118 623 1157 p.
636 1095 747 1156 749.
772 1117 815 1146 et
836 1105 1044 1161 Schweigh.
1066 1106 1115 1145 ad
1139 1105 1281 1160 Polyb.
1299 1107 1349 1145 T.
1364 1106 1456 1148 vn.

184 1185 234 1224 ¹p.
252 1171 360 1212 600.
397 1170 570 1212 Reiskius
595 1173 637 1212 in
656 1175 746 1215 Not.
767 1177 872 1214 Poex.
894 1187 932 1225 p.
963 1184 980 1213 1
994 1178 1067 1224 89.
1086 1187 1180 1213 eum
1201 1173 1313 1212 malit
1334 1173 1454 1212 intel-

192 1239 288 1294 ligi,
322 1252 445 1292 quem
491 1239 676 1295 Caligula
712 1241 929 1282 Armeniae
959 1239 1187 1291 praefecisse
1217 1240 1361 1280 dicitur
1393 1253 1455 1292 ap.

193 1306 319 1348 Dion.
333 1304 430 1357 Caffl
441 1308 553 1346 Τ.ῙΙ.
566 1321 605 1359 p.
619 1317 645 1357 9
657 1317 674 1346 1
687 1315 728 1356 ς.
752 1306 931 1351 ubivide
945 1306 1094 1347 Fabric.
1106 1331 1172 1338 -—
1201 1309 1252 1347 V.
1276 1317 1314 1346 Ι.
1325 1307 1454 1361 Cotys

193 1373 338 1429 regum
365 1375 575 1429 progenies
599 1375 756 1428 diisque
787 1373 933 1415 fimilis.
985 1372 1279 1416 Obversabatur
1313 1378 1453 1426 po'e’tae

189 1441 300 1482 loeus
329 1440 615 1482 celeberrimus
649 1442 701 1483 de
725 1446 1034 1498 Agamemnone
1062 1457 1125 1495 ap.
1161 1443 1318 1482 Homer.
1355 1441 1398 1481 11.
1416 1450 1453 1487 β.

190 1517 255 1560 47
263 1513 302 1555 8.
321 1504 454 1562 sq.--
486 1509 621 1550 Verba
638 1510 781 1559 anat„
799 1516 935 1558 εὖτοκίῃ
954 1524 1036 1550 non
1057 1510 1165 1550 bene
1184 1523 1274 1549 cum
1288 1509 1452 1561 reliquis

180 1579 346 1617 coeunt.
361 1595 431 1607 —
466 1578 516 1616 V.
541 1586 582 1627 3.
611 1579 889 1631 Quaecunque
908 1578 1069 1633 regibus
1088 1588 1326 1617 ornamento
1346 1573 1453 1626 sunt,

190 1642 266 1684 tibi
286 1641 370 1683 fata
394 1644 502 1698 larga
521 1658 642 1684 manu
667 1646 1063 1696 impertiverunt.--
1092 1647 1140 1686 V.
1157 1658 1195 1694 4-
1223 1641 1333 1692 ἔργον.
1371 1657 1452 1682 rna-

179 1711 303 1760 ssteria,
329 1711 372 1750 in
398 1725 477 1763 qua
494 1715 635 1764 po'e'tae
654 1709 738 1752 sese
753 1724 1000 1753 exercerent.
1024 1733 1091 1742 —
1125 1712 1174 1754 V.
1198 1721 1238 1762 ς.
1257 1712 1299 1752 6.
1333 1711 1450 1761 Quae

179 1777 248 1818 illi
269 1776 326 1817 dii
342 1776 495 1833 singula
517 1778 688 1830 habent,
722 1780 864 1820 eadem
888 1780 961 1820 tibi
991 1781 1247 1834 contigerunt
1268 1778 1423 1818 ennea.

286 1844 336 1886 X.
367 1846 469 1886 Cod.
488 1848 576 1885 Vat·
597 1861 637 1899 p.
661 1857 771 1898 203.
798 1848 1032 1895 Ἀντιπάτρου.
1073 1847 1207 1888 Edidit
1232 1846 1384 1886 Boivin.
1403 1845 1449 1883 in

184 1913 313 1956 Mem.
343 1913 395 1954 de
414 1910 566 1956 l‘Acad.
595 1914 664 1955 des
688 1912 805 1956 Inscr.
832 1918 883 1955 T.
908 1917 978 1955 ΙΙΙ.
999 1929 1038 1966 p.
1060 1924 1166 1964 357.
1219 1911 1368 1964 Kuster.
1397 1910 1447 1951 ad

180 1979 297 2022 said.
319 1981 370 2020 T.
390 1982 442 2020 11.
469 1995 508 2033 p.
538 1985 647 2034 284.
674 1983 718 2023 in
742 1989 885 2030 navet-1,
917 1982 987 2022 ubi
1016 1979 1334 2036 Lexicographus
1364 1979 1446 2031 pri·

185 2061 301 2088 mum
318 2047 511 2088 distichon
533 2049 701 2096 excitat,
734 2062 780 2090 ut
802 2061 844 2090 et
864 2051 905 2090 in
929 2057 1091 2089 enea-mov
1114 2051 1165 2089 T.
1186 2050 1255 2087 111.
1276 2062 1313 2100 p.
1339 2054 1446 2096 327·

176 2115 299 2156 unde
340 2116 442 2155 illud
482 2116 656 2157 laudavit
691 2117 843 2158 Porter.
885 2119 931 2157 in
980 2116 1197 2158 Archaeol.-
1226 2117 1269 2155 1..
1299 2115 1368 2153 ΙΙΙ.
1400 2125 1446 2167 4.

183 2195 226 2235 p.
247 2190 357 2233 445.
392 2182 565 2224 Gronov.
603 2187 702 2238 Ap.
729 2183 855 2225 Reisk.
886 2184 1050 2226 Antbol.
1086 2198 1125 2236 p.
1148 2185 1223 2234 64.
1253 2195 1313 2221 nr.
1335 2189 1446 2231 451.

178 2246 310 2294 dha-v
326 2247 563 2291 inscribitur.
584 2271 650 2280 —
683 2249 828 2303 Pisoni,
848 2252 1068 2293 Thracibus
1093 2251 1243 2290 bellurn
1270 2247 1446 2288 inferen-

188 2317 234 2366 ti,
264 2315 390 2356 caufia
418 2315 584 2360 offertur
613 2319 734 2360 dono.
780 2319 846 2360 Est
866 2321 898 2360 is
918 2319 1209 2371 L-Calpurnius
1235 2312 1330 2363 Piso,
1359 2314 1442 2366 qui,

183 2382 408 2424 Thracibus
427 2385 471 2424 in
491 2399 601 2425 arma
619 2385 800 2436 accensis,
823 2387 976 2427 bellum
995 2387 1100 2426 intra
1123 2384 1331 2424 biennium
1352 2394 1444 2433 pro·

184 2448 337 2504 fligavit
353 2463 397 2492 et
434 2454 660 2504 provinciae
688 2455 948 2496 Macedoniae
982 2450 1230 2495 securitatem
1259 2448 1446 2496 reddidit,

183 2517 407 2560 circam).
420 2527 531 2570 743.
564 2521 668 2561 Vide
682 2520 890 2566 Fama-..nd
911 2521 1030 2561 Dion.
1052 2516 1154 2560 Cass‘.
1173 2520 1223 2556 T.
1236 2520 1264 2555 Ι.
1277 2530 1316 2568 p.
1334 2514 1445 2565 765-

180 2603 249 2625 μ,-
263 2586 308 2628 V.
326 2595 364 2626 1·
376 2596 419 2627 2.
437 2587 499 2628 Ex
510 2588 630 2628 Suida
644 2587 923 2644 hocdistichon
944 2586 1095 2640 profert
1112 2585 1154 2626 T.
1167 2584 1216 2625 H.
1230 2583 1280 2623 ad
1291 2582 1442 2624 Ponuc.

809 2659 847 2698 T
888 2665 912 2706 3
