<?xml version="1.0" encoding="UTF-8"?>
<!DOCTYPE html PUBLIC "-//W3C//DTD XHTML 1.0 Transitional//EN"
    "http://www.w3.org/TR/xhtml1/DTD/xhtml1-transitional.dtd">
<html xmlns="http://www.w3.org/1999/xhtml" xml:lang="en" lang="en">
 <head>
  <title>
</title>
<meta http-equiv="Content-Type" content="text/html;charset=utf-8" />
  <meta name='ocr-system' content='tesseract 3.04.00' />
  <meta name='ocr-capabilities' content='ocr_page ocr_carea ocr_par ocr_line ocrx_word'/>
</head>
<body>
  <div class='ocr_page' id='page_1' title='image "anthologiagraeca08brunuoft_0350.png"; bbox 0 0 1598 2866; ppageno 0'>
   <div class='ocr_carea' id='block_1_1' title="bbox 253 176 1524 241">
    <p class='ocr_par' dir='ltr' id='par_1_1' title="bbox 253 176 1524 241">
     <span class='ocr_line' id='line_1_1' title="bbox 253 176 1524 241; baseline 0 -15"><span class='ocrx_word' id='word_1_1' title='bbox 253 195 348 239; x_wconf 82' lang='lat'>344</span> <span class='ocrx_word' id='word_1_2' title='bbox 532 195 777 227; x_wconf 68' lang='grc' dir='ltr'><strong>ΛιΡΗει</strong></span> <span class='ocrx_word' id='word_1_3' title='bbox 822 176 1259 226; x_wconf 64' lang='lat' dir='ltr'>nurxnmcasst&#39;</span> <span class='ocrx_word' id='word_1_4' title='bbox 1342 185 1524 241; x_wconf 77' lang='lat'>11.128.</span> 
     </span>
    </p>
   </div>
   <div class='ocr_carea' id='block_1_2' title="bbox 204 306 1566 2573">
    <p class='ocr_par' dir='ltr' id='par_1_2' title="bbox 204 306 1542 1827">
     <span class='ocr_line' id='line_1_2' title="bbox 260 306 1523 361; baseline -0.001 -12"><span class='ocrx_word' id='word_1_5' title='bbox 260 323 399 349; x_wconf 86' lang='lat' dir='ltr'>rarum</span> <span class='ocrx_word' id='word_1_6' title='bbox 428 306 476 359; x_wconf 82' lang='lat' dir='ltr'>est</span> <span class='ocrx_word' id='word_1_7' title='bbox 505 320 620 361; x_wconf 84' lang='lat' dir='ltr'>neque</span> <span class='ocrx_word' id='word_1_8' title='bbox 649 309 773 348; x_wconf 81' lang='lat' dir='ltr'>amori</span> <span class='ocrx_word' id='word_1_9' title='bbox 802 307 892 346; x_wconf 82' lang='lat' dir='ltr'>dare</span> <span class='ocrx_word' id='word_1_10' title='bbox 915 306 1057 349; x_wconf 82' lang='lat' dir='ltr'>ludum.</span> <span class='ocrx_word' id='word_1_11' title='bbox 1114 307 1176 348; x_wconf 90' lang='lat' dir='ltr'>Ad</span> <span class='ocrx_word' id='word_1_12' title='bbox 1198 308 1318 349; x_wconf 88' lang='lat' dir='ltr'>totius</span> <span class='ocrx_word' id='word_1_13' title='bbox 1338 308 1523 348; x_wconf 79' lang='lat' dir='ltr'>carminis</span> 
     </span>
     <span class='ocr_line' id='line_1_3' title="bbox 265 373 1521 431; baseline 0 -15"><span class='ocrx_word' id='word_1_14' title='bbox 265 386 550 431; x_wconf 82' lang='lat' dir='ltr'><strong>argumentum</strong></span> <span class='ocrx_word' id='word_1_15' title='bbox 588 375 785 427; x_wconf 83' lang='lat' dir='ltr'>praeclare</span> <span class='ocrx_word' id='word_1_16' title='bbox 815 373 908 414; x_wconf 84' lang='lat' dir='ltr'>facit</span> <span class='ocrx_word' id='word_1_17' title='bbox 939 373 1098 414; x_wconf 82' lang='lat' dir='ltr'>Ovidius</span> <span class='ocrx_word' id='word_1_18' title='bbox 1126 377 1156 414; x_wconf 90' lang='lat'>1.</span> <span class='ocrx_word' id='word_1_19' title='bbox 1185 378 1322 416; x_wconf 84' lang='lat' dir='ltr'>Amor.</span> <span class='ocrx_word' id='word_1_20' title='bbox 1356 377 1420 416; x_wconf 84' lang='lat' dir='ltr'>IX.</span> <span class='ocrx_word' id='word_1_21' title='bbox 1445 384 1521 424; x_wconf 79' lang='lat'>31.</span> 
     </span>
     <span class='ocr_line' id='line_1_4' title="bbox 263 439 1525 498; baseline -0.002 -14"><span class='ocrx_word' id='word_1_22' title='bbox 263 444 370 498; x_wconf 87' lang='lat' dir='ltr'>Ergo</span> <span class='ocrx_word' id='word_1_23' title='bbox 390 441 562 494; x_wconf 82' lang='lat' dir='ltr'>defi&#39;diam</span> <span class='ocrx_word' id='word_1_24' title='bbox 579 445 792 495; x_wconf 78' lang='lat' dir='ltr'><em>quicunque</em></span> <span class='ocrx_word' id='word_1_25' title='bbox 813 439 960 480; x_wconf 82' lang='lat' dir='ltr'>vocabit</span> <span class='ocrx_word' id='word_1_26' title='bbox 979 454 1155 488; x_wconf 77' lang='lat' dir='ltr'>amorem,</span> <span class='ocrx_word' id='word_1_27' title='bbox 1187 439 1362 492; x_wconf 78' lang='lat' dir='ltr'>Defluat,</span> <span class='ocrx_word' id='word_1_28' title='bbox 1382 443 1525 497; x_wconf 79' lang='lat' dir='ltr'>ingenii</span> 
     </span>
     <span class='ocr_line' id='line_1_5' title="bbox 265 506 1526 565; baseline -0.003 -14"><span class='ocrx_word' id='word_1_29' title='bbox 265 509 316 562; x_wconf 84' lang='lat' dir='ltr'>est</span> <span class='ocrx_word' id='word_1_30' title='bbox 340 513 567 563; x_wconf 77' lang='lat' dir='ltr'>experientis</span> <span class='ocrx_word' id='word_1_31' title='bbox 599 523 720 548; x_wconf 88' lang='lat' dir='ltr'>amor.</span> <span class='ocrx_word' id='word_1_32' title='bbox 769 519 811 548; x_wconf 89' lang='lat' dir='ltr'>et</span> <span class='ocrx_word' id='word_1_33' title='bbox 838 510 881 548; x_wconf 76' lang='lat' dir='ltr'>in</span> <span class='ocrx_word' id='word_1_34' title='bbox 904 506 1008 548; x_wconf 81' lang='lat' dir='ltr'>fine:</span> <span class='ocrx_word' id='word_1_35' title='bbox 1042 507 1126 563; x_wconf 74' lang='lat' dir='ltr'>Qi</span> <span class='ocrx_word' id='word_1_36' title='bbox 1143 509 1243 548; x_wconf 79' lang='lat' dir='ltr'>notet</span> <span class='ocrx_word' id='word_1_37' title='bbox 1256 507 1526 565; x_wconf 20' lang='lat' dir='ltr'>fieri‘dqfi&#39;dio·</span> 
     </span>
     <span class='ocr_line' id='line_1_6' title="bbox 257 573 1527 631; baseline -0.001 -15"><span class='ocrx_word' id='word_1_38' title='bbox 257 576 346 629; x_wconf 82' lang='lat' dir='ltr'>Jus,</span> <span class='ocrx_word' id='word_1_39' title='bbox 367 590 478 617; x_wconf 79' lang='lat' dir='ltr'>amet.</span> <span class='ocrx_word' id='word_1_40' title='bbox 493 597 557 604; x_wconf 89' lang='lat'>—</span> <span class='ocrx_word' id='word_1_41' title='bbox 586 579 635 631; x_wconf 72' lang='lat' dir='ltr'>V.</span> <span class='ocrx_word' id='word_1_42' title='bbox 651 586 688 625; x_wconf 89' lang='lat'>3.</span> <span class='ocrx_word' id='word_1_43' title='bbox 706 584 762 614; x_wconf 75' lang='grc' dir='ltr'>καὶ</span> <span class='ocrx_word' id='word_1_44' title='bbox 782 582 850 623; x_wconf 61' lang='grc' dir='ltr'>’γὰρ</span> <span class='ocrx_word' id='word_1_45' title='bbox 867 573 952 623; x_wconf 70' lang='grc' dir='ltr'>ἐγώ.</span> <span class='ocrx_word' id='word_1_46' title='bbox 991 574 1054 614; x_wconf 87' lang='lat' dir='ltr'>Sic</span> <span class='ocrx_word' id='word_1_47' title='bbox 1072 576 1308 628; x_wconf 78' lang='lat' dir='ltr'>planeidem</span> <span class='ocrx_word' id='word_1_48' title='bbox 1319 576 1343 616; x_wconf 85' lang='lat'>1.</span> <span class='ocrx_word' id='word_1_49' title='bbox 1359 590 1390 616; x_wconf 92' lang='lat' dir='ltr'>c.</span> <span class='ocrx_word' id='word_1_50' title='bbox 1403 590 1436 615; x_wconf 88' lang='lat' dir='ltr'>v.</span> <span class='ocrx_word' id='word_1_51' title='bbox 1449 585 1527 627; x_wconf 72' lang='lat'>41.</span> 
     </span>
     <span class='ocr_line' id='line_1_7' title="bbox 204 642 1528 699; baseline -0.002 -14"><span class='ocrx_word' id='word_1_52' title='bbox 204 656 208 660; x_wconf 82' lang='grc'><em>’</em></span> <span class='ocrx_word' id='word_1_53' title='bbox 266 644 351 698; x_wconf 81' lang='lat' dir='ltr'>Ipse</span> <span class='ocrx_word' id='word_1_54' title='bbox 378 658 442 699; x_wconf 79' lang='lat' dir='ltr'>ego</span> <span class='ocrx_word' id='word_1_55' title='bbox 468 643 600 699; x_wconf 83' lang='lat' dir='ltr'>segnis</span> <span class='ocrx_word' id='word_1_56' title='bbox 625 657 727 683; x_wconf 87' lang='lat' dir='ltr'>eram</span> <span class='ocrx_word' id='word_1_57' title='bbox 758 643 1004 696; x_wconf 51' lang='lat' dir='ltr'>discinctaque</span> <span class='ocrx_word' id='word_1_58' title='bbox 1026 645 1068 681; x_wconf 81' lang='lat' dir='ltr'>in</span> <span class='ocrx_word' id='word_1_59' title='bbox 1097 645 1179 682; x_wconf 82' lang='lat' dir='ltr'>otia</span> <span class='ocrx_word' id='word_1_60' title='bbox 1207 655 1343 685; x_wconf 81' lang='lat' dir='ltr'>natus:</span> <span class='ocrx_word' id='word_1_61' title='bbox 1374 642 1528 683; x_wconf 75' lang='lat' dir='ltr'>Mollie-</span> 
     </span>
     <span class='ocr_line' id='line_1_8' title="bbox 266 707 1528 764; baseline -0.003 -12"><span class='ocrx_word' id='word_1_62' title='bbox 266 724 359 752; x_wconf 86' lang='lat' dir='ltr'><em>rant</em></span> <span class='ocrx_word' id='word_1_63' title='bbox 380 725 524 750; x_wconf 84' lang='lat' dir='ltr'>anzmos</span> <span class='ocrx_word' id='word_1_64' title='bbox 548 711 659 750; x_wconf 62' lang='lat' dir='ltr'>let-‘tus</span> <span class='ocrx_word' id='word_1_65' title='bbox 685 723 719 749; x_wconf 87' lang='lat' dir='ltr'>et</span> <span class='ocrx_word' id='word_1_66' title='bbox 747 707 882 750; x_wconf 86' lang='lat' dir='ltr'>umbra</span> <span class='ocrx_word' id='word_1_67' title='bbox 906 722 1010 749; x_wconf 86' lang='lat' dir='ltr'>meos.</span> <span class='ocrx_word' id='word_1_68' title='bbox 1056 709 1215 762; x_wconf 81' lang='lat' dir='ltr'><em>Impulit</em></span> <span class='ocrx_word' id='word_1_69' title='bbox 1230 712 1410 764; x_wconf 82' lang='lat' dir='ltr'>ignavum</span> <span class='ocrx_word' id='word_1_70' title='bbox 1432 710 1528 762; x_wconf 80' lang='lat' dir='ltr'>for-</span> 
     </span>
     <span class='ocr_line' id='line_1_9' title="bbox 268 776 1531 830; baseline -0.005 -12"><span class='ocrx_word' id='word_1_71' title='bbox 268 778 392 828; x_wconf 82' lang='lat' dir='ltr'><em>mosae</em></span> <span class='ocrx_word' id='word_1_72' title='bbox 422 793 513 818; x_wconf 80' lang='lat' dir='ltr'>cura</span> <span class='ocrx_word' id='word_1_73' title='bbox 542 777 696 830; x_wconf 84' lang='lat' dir='ltr'>puellae.</span> <span class='ocrx_word' id='word_1_74' title='bbox 721 800 785 806; x_wconf 86' lang='lat'>—-</span> <span class='ocrx_word' id='word_1_75' title='bbox 830 779 880 818; x_wconf 90' lang='lat' dir='ltr'>V.</span> <span class='ocrx_word' id='word_1_76' title='bbox 907 791 948 827; x_wconf 79' lang='lat'>4.</span> <span class='ocrx_word' id='word_1_77' title='bbox 965 782 1162 825; x_wconf 73' lang='grc' dir='ltr'><strong><em>ξεινόφιλον.</em></strong></span> <span class='ocrx_word' id='word_1_78' title='bbox 1183 779 1269 816; x_wconf 85' lang='lat' dir='ltr'>Vat.</span> <span class='ocrx_word' id='word_1_79' title='bbox 1292 776 1390 819; x_wconf 78' lang='lat' dir='ltr'>Cod.</span> <span class='ocrx_word' id='word_1_80' title='bbox 1439 778 1531 824; x_wconf 59' lang='lat' dir='ltr'>⁴Hor:</span> 
     </span>
     <span class='ocr_line' id='line_1_10' title="bbox 268 843 1542 892; baseline -0.002 -6"><span class='ocrx_word' id='word_1_81' title='bbox 268 859 338 887; x_wconf 79' lang='lat' dir='ltr'>cut·</span> <span class='ocrx_word' id='word_1_82' title='bbox 370 857 570 884; x_wconf 82' lang='lat' dir='ltr'>mutatum</span> <span class='ocrx_word' id='word_1_83' title='bbox 599 843 656 892; x_wconf 82' lang='lat' dir='ltr'>fit,</span> <span class='ocrx_word' id='word_1_84' title='bbox 682 858 764 884; x_wconf 89' lang='lat' dir='ltr'>non</span> <span class='ocrx_word' id='word_1_85' title='bbox 796 844 924 886; x_wconf 73' lang='lat' dir='ltr'>video.</span> <span class='ocrx_word' id='word_1_86' title='bbox 983 845 1141 884; x_wconf 86' lang='lat' dir='ltr'>Nomen</span> <span class='ocrx_word' id='word_1_87' title='bbox 1178 850 1366 892; x_wconf 72' lang='grc' dir='ltr'><strong><em>Ξεινοφίλου</em></strong></span> <span class='ocrx_word' id='word_1_88' title='bbox 1392 854 1542 885; x_wconf 84' lang='lat' dir='ltr'>tuetur-</span> 
     </span>
     <span class='ocr_line' id='line_1_11' title="bbox 270 903 1528 964; baseline -0.005 -10"><span class='ocrx_word' id='word_1_89' title='bbox 270 912 476 954; x_wconf 80' lang='lat' dir='ltr'>Simonides</span> <span class='ocrx_word' id='word_1_90' title='bbox 510 915 582 964; x_wconf 65' lang='lat' dir='ltr'>Ep.</span> <span class='ocrx_word' id='word_1_91' title='bbox 610 915 748 952; x_wconf 74' lang='lat' dir='ltr'>Lvux.</span> <span class='ocrx_word' id='word_1_92' title='bbox 780 926 819 964; x_wconf 87' lang='lat' dir='ltr'>p.</span> <span class='ocrx_word' id='word_1_93' title='bbox 857 919 963 962; x_wconf 84' lang='lat'>137-</span> <span class='ocrx_word' id='word_1_94' title='bbox 993 933 1058 941; x_wconf 92' lang='grc'><strong>-</strong></span> <span class='ocrx_word' id='word_1_95' title='bbox 1113 913 1161 952; x_wconf 90' lang='lat' dir='ltr'>v.</span> <span class='ocrx_word' id='word_1_96' title='bbox 1186 903 1226 952; x_wconf 82' lang='lat'>6&#39;.</span> <span class='ocrx_word' id='word_1_97' title='bbox 1262 905 1376 958; x_wconf 59' lang='grc' dir='ltr'><strong><em>ψυέῆς</em></strong></span> <span class='ocrx_word' id='word_1_98' title='bbox 1409 915 1528 955; x_wconf 49' lang='lat' dir='ltr'>azar...</span> 
     </span>
     <span class='ocr_line' id='line_1_12' title="bbox 270 968 1531 1033; baseline -0.002 -14"><span class='ocrx_word' id='word_1_99' title='bbox 270 993 376 1033; x_wconf 84' lang='lat' dir='ltr'>quae</span> <span class='ocrx_word' id='word_1_100' title='bbox 407 980 590 1019; x_wconf 86' lang='lat' dir='ltr'>animum</span> <span class='ocrx_word' id='word_1_101' title='bbox 624 979 839 1031; x_wconf 87' lang='lat' dir='ltr'>impellunt</span> <span class='ocrx_word' id='word_1_102' title='bbox 872 991 912 1018; x_wconf 89' lang='lat' dir='ltr'>et</span> <span class='ocrx_word' id='word_1_103' title='bbox 942 988 1148 1029; x_wconf 80' lang='lat' dir='ltr'>exercent,</span> <span class='ocrx_word' id='word_1_104' title='bbox 1184 978 1372 1020; x_wconf 83' lang='lat' dir='ltr'>dicuntur</span> <span class='ocrx_word' id='word_1_105' title='bbox 1407 968 1531 1027; x_wconf 69' lang='grc' dir='ltr'><em>ἂκονζίν</em></span> 
     </span>
     <span class='ocr_line' id='line_1_13' title="bbox 270 1046 1534 1100; baseline -0.002 -14"><span class='ocrx_word' id='word_1_106' title='bbox 270 1053 335 1090; x_wconf 68' lang='grc' dir='ltr'>τὰς</span> <span class='ocrx_word' id='word_1_107' title='bbox 362 1052 491 1096; x_wconf 70' lang='grc' dir='ltr'>ψυχὰς,</span> <span class='ocrx_word' id='word_1_108' title='bbox 519 1057 565 1086; x_wconf 87' lang='lat' dir='ltr'>ut</span> <span class='ocrx_word' id='word_1_109' title='bbox 585 1061 647 1099; x_wconf 80' lang='lat' dir='ltr'>ap.</span> <span class='ocrx_word' id='word_1_110' title='bbox 667 1046 903 1100; x_wconf 79' lang='lat' dir='ltr'>Xenophont.</span> <span class='ocrx_word' id='word_1_111' title='bbox 924 1047 1077 1086; x_wconf 82' lang='lat' dir='ltr'>Oecon.</span> <span class='ocrx_word' id='word_1_112' title='bbox 1102 1056 1177 1087; x_wconf 84' lang='lat'>21.</span> <span class='ocrx_word' id='word_1_113' title='bbox 1203 1055 1241 1096; x_wconf 84' lang='lat'>3.</span> <span class='ocrx_word' id='word_1_114' title='bbox 1265 1056 1303 1086; x_wconf 88' lang='lat' dir='ltr'>et</span> <span class='ocrx_word' id='word_1_115' title='bbox 1324 1048 1534 1095; x_wconf 62' lang='grc' dir='ltr'>παρκκονᾷν,</span> 
     </span>
     <span class='ocr_line' id='line_1_14' title="bbox 270 1110 1534 1169; baseline 0 -15"><span class='ocrx_word' id='word_1_116' title='bbox 270 1125 318 1154; x_wconf 88' lang='lat' dir='ltr'>ut</span> <span class='ocrx_word' id='word_1_117' title='bbox 338 1115 379 1153; x_wconf 86' lang='lat' dir='ltr'>in</span> <span class='ocrx_word' id='word_1_118' title='bbox 404 1113 630 1169; x_wconf 84' lang='lat' dir='ltr'>Cyropaed.</span> <span class='ocrx_word' id='word_1_119' title='bbox 650 1115 719 1154; x_wconf 67' lang='lat' dir='ltr'>Vi.</span> <span class='ocrx_word' id='word_1_120' title='bbox 748 1124 788 1154; x_wconf 87' lang='lat'>2.</span> <span class='ocrx_word' id='word_1_121' title='bbox 843 1114 965 1153; x_wconf 87' lang='lat' dir='ltr'>Paulo</span> <span class='ocrx_word' id='word_1_122' title='bbox 996 1113 1179 1162; x_wconf 86' lang='lat' dir='ltr'>audacius</span> <span class='ocrx_word' id='word_1_123' title='bbox 1209 1126 1272 1154; x_wconf 86' lang='lat' dir='ltr'>res</span> <span class='ocrx_word' id='word_1_124' title='bbox 1299 1110 1400 1166; x_wconf 83' lang='lat' dir='ltr'>ipsa,</span> <span class='ocrx_word' id='word_1_125' title='bbox 1430 1126 1534 1166; x_wconf 86' lang='lat' dir='ltr'>quae</span> 
     </span>
     <span class='ocr_line' id='line_1_15' title="bbox 271 1180 1533 1233; baseline -0.002 -11"><span class='ocrx_word' id='word_1_126' title='bbox 271 1181 445 1233; x_wconf 81' lang='lat' dir='ltr'>impellit</span> <span class='ocrx_word' id='word_1_127' title='bbox 475 1191 516 1220; x_wconf 90' lang='lat' dir='ltr'>et</span> <span class='ocrx_word' id='word_1_128' title='bbox 535 1182 658 1233; x_wconf 83' lang='lat' dir='ltr'>acuit,¹</span> <span class='ocrx_word' id='word_1_129' title='bbox 683 1185 786 1225; x_wconf 67' lang='grc' dir='ltr'><em>ἀκόνη</em></span> <span class='ocrx_word' id='word_1_130' title='bbox 818 1191 1001 1226; x_wconf 83' lang='lat' dir='ltr'>vocatur;</span> <span class='ocrx_word' id='word_1_131' title='bbox 1046 1182 1157 1232; x_wconf 89' lang='lat' dir='ltr'>cujus</span> <span class='ocrx_word' id='word_1_132' title='bbox 1179 1181 1364 1221; x_wconf 85' lang='lat' dir='ltr'>audaciae</span> <span class='ocrx_word' id='word_1_133' title='bbox 1383 1180 1533 1220; x_wconf 84' lang='lat' dir='ltr'>illustre</span> 
     </span>
     <span class='ocr_line' id='line_1_16' title="bbox 272 1247 1534 1302; baseline -0.001 -14"><span class='ocrx_word' id='word_1_134' title='bbox 272 1249 523 1302; x_wconf 58' lang='lat' dir='ltr'>exemplumf</span> <span class='ocrx_word' id='word_1_135' title='bbox 544 1247 599 1287; x_wconf 89' lang='lat' dir='ltr'>est</span> <span class='ocrx_word' id='word_1_136' title='bbox 633 1262 693 1300; x_wconf 83' lang='lat' dir='ltr'>ap.</span> <span class='ocrx_word' id='word_1_137' title='bbox 724 1248 884 1287; x_wconf 79' lang='lat' dir='ltr'>Pindar.</span> <span class='ocrx_word' id='word_1_138' title='bbox 912 1249 978 1289; x_wconf 87' lang='lat'>01.</span> <span class='ocrx_word' id='word_1_139' title='bbox 1012 1250 1082 1288; x_wconf 89' lang='lat' dir='ltr'>V1.</span> <span class='ocrx_word' id='word_1_140' title='bbox 1118 1257 1223 1298; x_wconf 85' lang='lat'>141.</span> <span class='ocrx_word' id='word_1_141' title='bbox 1261 1248 1370 1301; x_wconf 86' lang='lat' dir='ltr'>quod</span> <span class='ocrx_word' id='word_1_142' title='bbox 1404 1261 1534 1300; x_wconf 87' lang='lat' dir='ltr'>nuper</span> 
     </span>
     <span class='ocr_line' id='line_1_17' title="bbox 272 1315 1536 1369; baseline 0.001 -15"><span class='ocrx_word' id='word_1_143' title='bbox 272 1316 474 1369; x_wconf 79' lang='lat' dir='ltr'>praeclare</span> <span class='ocrx_word' id='word_1_144' title='bbox 496 1316 671 1357; x_wconf 56' lang='lat' dir='ltr'>tractavit</span> <span class='ocrx_word' id='word_1_145' title='bbox 695 1315 865 1365; x_wconf 81' lang='lat' dir='ltr'>Heynius</span> <span class='ocrx_word' id='word_1_146' title='bbox 883 1330 921 1368; x_wconf 88' lang='lat' dir='ltr'>p.</span> <span class='ocrx_word' id='word_1_147' title='bbox 942 1324 1019 1365; x_wconf 91' lang='lat'>79.</span> <span class='ocrx_word' id='word_1_148' title='bbox 1043 1315 1262 1367; x_wconf 82' lang='lat' dir='ltr'>Oppidum,</span> <span class='ocrx_word' id='word_1_149' title='bbox 1295 1316 1403 1367; x_wconf 89' lang='lat' dir='ltr'>quod</span> <span class='ocrx_word' id='word_1_150' title='bbox 1423 1318 1536 1355; x_wconf 68' lang='lat' dir='ltr'>Laee-</span> 
     </span>
     <span class='ocr_line' id='line_1_18' title="bbox 275 1381 1536 1436; baseline -0.001 -14"><span class='ocrx_word' id='word_1_151' title='bbox 275 1383 498 1423; x_wconf 81' lang='lat' dir='ltr'>daemoniis</span> <span class='ocrx_word' id='word_1_152' title='bbox 530 1384 702 1421; x_wconf 87' lang='lat' dir='ltr'>multum</span> <span class='ocrx_word' id='word_1_153' title='bbox 725 1382 879 1436; x_wconf 85' lang='lat' dir='ltr'>negotii</span> <span class='ocrx_word' id='word_1_154' title='bbox 904 1381 1077 1432; x_wconf 81' lang='lat' dir='ltr'>fecerat,</span> <span class='ocrx_word' id='word_1_155' title='bbox 1112 1396 1200 1422; x_wconf 88' lang='lat' dir='ltr'>cum</span> <span class='ocrx_word' id='word_1_156' title='bbox 1221 1383 1381 1434; x_wconf 83' lang='lat' dir='ltr'>quidam</span> <span class='ocrx_word' id='word_1_157' title='bbox 1398 1396 1449 1422; x_wconf 84' lang='lat' dir='ltr'>ex</span> <span class='ocrx_word' id='word_1_158' title='bbox 1470 1395 1536 1422; x_wconf 91' lang='lat' dir='ltr'>eo-</span> 
     </span>
     <span class='ocr_line' id='line_1_19' title="bbox 275 1449 1535 1505; baseline -0.001 -16"><span class='ocrx_word' id='word_1_159' title='bbox 275 1464 364 1489; x_wconf 84' lang='lat' dir='ltr'>rum</span> <span class='ocrx_word' id='word_1_160' title='bbox 395 1449 555 1505; x_wconf 78' lang='lat' dir='ltr'>regibus</span> <span class='ocrx_word' id='word_1_161' title='bbox 578 1449 723 1493; x_wconf 69' lang='lat' dir='ltr'>vastare</span> <span class='ocrx_word' id='word_1_162' title='bbox 752 1450 896 1501; x_wconf 84' lang='lat' dir='ltr'>vellet,</span> <span class='ocrx_word' id='word_1_163' title='bbox 936 1449 1088 1502; x_wconf 88' lang='lat' dir='ltr'>Ephori</span> <span class='ocrx_word' id='word_1_164' title='bbox 1126 1449 1340 1490; x_wconf 85' lang='lat' dir='ltr'>dixerunt:</span> <span class='ocrx_word' id='word_1_165' title='bbox 1373 1452 1535 1498; x_wconf 69' lang='grc' dir='ltr'>μηδαμῶς</span> 
     </span>
     <span class='ocr_line' id='line_1_20' title="bbox 275 1516 1535 1568; baseline 0.001 -13"><span class='ocrx_word' id='word_1_166' title='bbox 275 1521 462 1568; x_wconf 65' lang='grc' dir='ltr'><em>ἂφανίσῃς,</em></span> <span class='ocrx_word' id='word_1_167' title='bbox 498 1517 577 1564; x_wconf 65' lang='grc' dir='ltr'>μηδ’</span> <span class='ocrx_word' id='word_1_168' title='bbox 607 1522 725 1564; x_wconf 69' lang='grc' dir='ltr'><em>ἀνέλῃς</em></span> <span class='ocrx_word' id='word_1_169' title='bbox 750 1522 813 1555; x_wconf 67' lang='grc' dir='ltr'>τᾶν</span> <span class='ocrx_word' id='word_1_170' title='bbox 841 1521 961 1555; x_wconf 63' lang='lat' dir='ltr'>bubum</span> <span class='ocrx_word' id='word_1_171' title='bbox 979 1524 1043 1555; x_wconf 79' lang='grc' dir='ltr'>τῶν</span> <span class='ocrx_word' id='word_1_172' title='bbox 1061 1524 1147 1555; x_wconf 75' lang='grc' dir='ltr'><strong><em>νέων.</em></strong></span> <span class='ocrx_word' id='word_1_173' title='bbox 1188 1516 1388 1557; x_wconf 84' lang='lat' dir='ltr'>Plutarch.</span> <span class='ocrx_word' id='word_1_174' title='bbox 1412 1520 1459 1556; x_wconf 82' lang='lat' dir='ltr'>T.</span> <span class='ocrx_word' id='word_1_175' title='bbox 1481 1519 1535 1560; x_wconf 80' lang='grc' dir='ltr'>ῙῘ.</span> 
     </span>
     <span class='ocr_line' id='line_1_21' title="bbox 275 1581 1539 1639; baseline 0 -14"><span class='ocrx_word' id='word_1_176' title='bbox 275 1600 315 1638; x_wconf 85' lang='lat' dir='ltr'>p.</span> <span class='ocrx_word' id='word_1_177' title='bbox 331 1595 387 1632; x_wconf 82' lang='lat'>23</span> <span class='ocrx_word' id='word_1_178' title='bbox 401 1595 439 1634; x_wconf 87' lang='lat'>3.</span> <span class='ocrx_word' id='word_1_179' title='bbox 453 1586 500 1624; x_wconf 93' lang='lat' dir='ltr'>D.</span> <span class='ocrx_word' id='word_1_180' title='bbox 536 1587 647 1624; x_wconf 83' lang='lat' dir='ltr'>Inter</span> <span class='ocrx_word' id='word_1_181' title='bbox 670 1585 911 1623; x_wconf 83' lang='lat' dir='ltr'>recentiores</span> <span class='ocrx_word' id='word_1_182' title='bbox 934 1583 1005 1624; x_wconf 87' lang='lat' dir='ltr'>hae</span> <span class='ocrx_word' id='word_1_183' title='bbox 1020 1585 1196 1639; x_wconf 83' lang='lat' dir='ltr'>imagine</span> <span class='ocrx_word' id='word_1_184' title='bbox 1209 1581 1298 1624; x_wconf 78' lang='lat' dir='ltr'>usus</span> <span class='ocrx_word' id='word_1_185' title='bbox 1318 1584 1373 1624; x_wconf 90' lang='lat' dir='ltr'>est</span> <span class='ocrx_word' id='word_1_186' title='bbox 1391 1584 1539 1638; x_wconf 84' lang='lat' dir='ltr'>Torqu.</span> 
     </span>
     <span class='ocr_line' id='line_1_22' title="bbox 283 1648 1538 1706; baseline -0.001 -14"><span class='ocrx_word' id='word_1_187' title='bbox 283 1651 411 1703; x_wconf 68' lang='lat' dir='ltr'><em>Taffies</em></span> <span class='ocrx_word' id='word_1_188' title='bbox 436 1652 478 1691; x_wconf 86' lang='lat' dir='ltr'>in</span> <span class='ocrx_word' id='word_1_189' title='bbox 513 1648 663 1691; x_wconf 82' lang='lat' dir='ltr'>Gierus.</span> <span class='ocrx_word' id='word_1_190' title='bbox 699 1651 814 1691; x_wconf 87' lang='lat' dir='ltr'>liber.</span> <span class='ocrx_word' id='word_1_191' title='bbox 846 1654 930 1692; x_wconf 91' lang='lat' dir='ltr'>XX.</span> <span class='ocrx_word' id='word_1_192' title='bbox 962 1661 1066 1701; x_wconf 87' lang='lat'>114.</span> <span class='ocrx_word' id='word_1_193' title='bbox 1109 1650 1198 1690; x_wconf 81' lang='lat' dir='ltr'>Tale</span> <span class='ocrx_word' id='word_1_194' title='bbox 1225 1654 1258 1690; x_wconf 74' lang='lat' dir='ltr'>ei</span> <span class='ocrx_word' id='word_1_195' title='bbox 1277 1652 1374 1702; x_wconf 88' lang='lat' dir='ltr'>suoi</span> <span class='ocrx_word' id='word_1_196' title='bbox 1395 1651 1538 1706; x_wconf 82' lang='lat' dir='ltr'>sdegm‘</span> 
     </span>
     <span class='ocr_line' id='line_1_23' title="bbox 276 1709 1540 1774; baseline 0 -15"><span class='ocrx_word' id='word_1_197' title='bbox 276 1718 397 1770; x_wconf 77' lang='lat' dir='ltr'>desta,</span> <span class='ocrx_word' id='word_1_198' title='bbox 447 1719 492 1759; x_wconf 80' lang='lat' dir='ltr'>ed</span> <span class='ocrx_word' id='word_1_199' title='bbox 517 1719 591 1758; x_wconf 83' lang='lat' dir='ltr'>alla</span> <span class='ocrx_word' id='word_1_200' title='bbox 624 1731 701 1757; x_wconf 86' lang='lat' dir='ltr'>cote</span> <span class='ocrx_word' id='word_1_201' title='bbox 744 1713 911 1759; x_wconf 87' lang='lat' dir='ltr'>D&#39;amor</span> <span class='ocrx_word' id='word_1_202' title='bbox 946 1718 1008 1774; x_wconf 77' lang='lat' dir='ltr'>gli</span> <span class='ocrx_word' id='word_1_203' title='bbox 1040 1731 1188 1774; x_wconf 81' lang='lat' dir='ltr'>aguzza</span> <span class='ocrx_word' id='word_1_204' title='bbox 1218 1718 1262 1758; x_wconf 82' lang='lat' dir='ltr'>ed</span> <span class='ocrx_word' id='word_1_205' title='bbox 1295 1718 1366 1758; x_wconf 83' lang='lat' dir='ltr'>alle</span> <span class='ocrx_word' id='word_1_206' title='bbox 1389 1709 1540 1771; x_wconf 76' lang='lat' dir='ltr'>flamme</span> 
     </span>
     <span class='ocr_line' id='line_1_24' title="bbox 277 1790 427 1827; baseline 0.007 -1"><span class='ocrx_word' id='word_1_207' title='bbox 277 1790 427 1827; x_wconf 80' lang='lat' dir='ltr'>avviva.</span> 
     </span>
    </p>

    <p class='ocr_par' dir='ltr' id='par_1_3' title="bbox 276 1851 1566 2511">
     <span class='ocr_line' id='line_1_25' title="bbox 374 1851 1540 1903; baseline 0 -11"><span class='ocrx_word' id='word_1_208' title='bbox 374 1853 429 1894; x_wconf 88' lang='grc' dir='ltr'>ΙΙ.</span> <span class='ocrx_word' id='word_1_209' title='bbox 465 1855 555 1893; x_wconf 91' lang='lat' dir='ltr'>Vat.</span> <span class='ocrx_word' id='word_1_210' title='bbox 585 1852 685 1893; x_wconf 84' lang='lat' dir='ltr'><strong>Cod.</strong></span> <span class='ocrx_word' id='word_1_211' title='bbox 715 1865 751 1903; x_wconf 89' lang='lat' dir='ltr'>p.</span> <span class='ocrx_word' id='word_1_212' title='bbox 779 1861 884 1902; x_wconf 83' lang='lat'>173.</span> <span class='ocrx_word' id='word_1_213' title='bbox 913 1851 1074 1891; x_wconf 72' lang='grc' dir='ltr'>Ἀλκαίου</span> <span class='ocrx_word' id='word_1_214' title='bbox 1100 1862 1226 1892; x_wconf 70' lang='lat' dir='ltr'>mewa,</span> <span class='ocrx_word' id='word_1_215' title='bbox 1286 1853 1372 1892; x_wconf 85' lang='lat' dir='ltr'>Hoc</span> <span class='ocrx_word' id='word_1_216' title='bbox 1404 1863 1540 1893; x_wconf 87' lang='lat' dir='ltr'>tamen</span> 
     </span>
     <span class='ocr_line' id='line_1_26' title="bbox 279 1916 1542 1970; baseline -0.002 -9"><span class='ocrx_word' id='word_1_217' title='bbox 279 1922 428 1961; x_wconf 86' lang='lat' dir='ltr'>lemma</span> <span class='ocrx_word' id='word_1_218' title='bbox 460 1921 502 1960; x_wconf 90' lang='lat' dir='ltr'>in</span> <span class='ocrx_word' id='word_1_219' title='bbox 526 1921 767 1959; x_wconf 82' lang='lat' dir='ltr'>membranis</span> <span class='ocrx_word' id='word_1_220' title='bbox 793 1933 816 1959; x_wconf 88' lang='lat' dir='ltr'>a</span> <span class='ocrx_word' id='word_1_221' title='bbox 838 1916 911 1960; x_wconf 86' lang='lat' dir='ltr'>sec.</span> <span class='ocrx_word' id='word_1_222' title='bbox 930 1933 1051 1959; x_wconf 88' lang='lat' dir='ltr'>manu</span> <span class='ocrx_word' id='word_1_223' title='bbox 1075 1916 1179 1970; x_wconf 86' lang='lat' dir='ltr'>esse,</span> <span class='ocrx_word' id='word_1_224' title='bbox 1214 1916 1430 1959; x_wconf 79' lang='lat' dir='ltr'>Brunckius</span> <span class='ocrx_word' id='word_1_225' title='bbox 1447 1917 1542 1959; x_wconf 85' lang='lat' dir='ltr'>asse·</span> 
     </span>
     <span class='ocr_line' id='line_1_27' title="bbox 281 1983 1541 2040; baseline -0.002 -12"><span class='ocrx_word' id='word_1_226' title='bbox 281 1989 346 2039; x_wconf 83' lang='lat' dir='ltr'>rit,</span> <span class='ocrx_word' id='word_1_227' title='bbox 378 2002 469 2028; x_wconf 85' lang='lat' dir='ltr'>cum</span> <span class='ocrx_word' id='word_1_228' title='bbox 500 1988 607 2039; x_wconf 80' lang='lat' dir='ltr'>prius</span> <span class='ocrx_word' id='word_1_229' title='bbox 628 1986 788 2032; x_wconf 65' lang='grc' dir='ltr'>Ἀλφειοῦ</span> <span class='ocrx_word' id='word_1_230' title='bbox 808 1983 942 2026; x_wconf 78' lang='lat' dir='ltr'>fuerit.</span> <span class='ocrx_word' id='word_1_231' title='bbox 994 1988 1042 2026; x_wconf 91' lang='lat' dir='ltr'>In</span> <span class='ocrx_word' id='word_1_232' title='bbox 1063 1985 1195 2026; x_wconf 81' lang='lat' dir='ltr'>nostro</span> <span class='ocrx_word' id='word_1_233' title='bbox 1221 1999 1358 2040; x_wconf 78' lang='lat' dir='ltr'>apogr.</span> <span class='ocrx_word' id='word_1_234' title='bbox 1384 1986 1541 2026; x_wconf 77' lang='lat' dir='ltr'>nullum</span> 
     </span>
     <span class='ocr_line' id='line_1_28' title="bbox 276 2052 1543 2108; baseline -0.002 -13"><span class='ocrx_word' id='word_1_235' title='bbox 276 2056 530 2095; x_wconf 69' lang='lat' dir='ltr'>cori-efflonis</span> <span class='ocrx_word' id='word_1_236' title='bbox 544 2053 763 2108; x_wconf 78' lang='lat' dir='ltr'>vestigium.</span> <span class='ocrx_word' id='word_1_237' title='bbox 799 2052 939 2107; x_wconf 75' lang='lat' dir='ltr'>Alpheo</span> <span class='ocrx_word' id='word_1_238' title='bbox 951 2052 1139 2092; x_wconf 86' lang='lat' dir='ltr'>tribuitur</span> <span class='ocrx_word' id='word_1_239' title='bbox 1149 2052 1193 2092; x_wconf 89' lang='lat' dir='ltr'>in</span> <span class='ocrx_word' id='word_1_240' title='bbox 1205 2052 1367 2092; x_wconf 84' lang='lat' dir='ltr'>Planud.</span> <span class='ocrx_word' id='word_1_241' title='bbox 1379 2066 1417 2106; x_wconf 84' lang='lat' dir='ltr'>p.</span> <span class='ocrx_word' id='word_1_242' title='bbox 1429 2062 1490 2106; x_wconf 78' lang='lat'>43</span> <span class='ocrx_word' id='word_1_243' title='bbox 1502 2062 1543 2102; x_wconf 88' lang='lat'>3.</span> 
     </span>
     <span class='ocr_line' id='line_1_29' title="bbox 278 2111 1566 2175; baseline -0.002 -13"><span class='ocrx_word' id='word_1_244' title='bbox 278 2124 334 2162; x_wconf 92' lang='lat' dir='ltr'>St.</span> <span class='ocrx_word' id='word_1_245' title='bbox 363 2123 468 2171; x_wconf 85' lang='lat'>567.</span> <span class='ocrx_word' id='word_1_246' title='bbox 482 2123 548 2161; x_wconf 87' lang='lat' dir='ltr'>W.</span> <span class='ocrx_word' id='word_1_247' title='bbox 586 2118 657 2160; x_wconf 83' lang='lat' dir='ltr'>ubi</span> <span class='ocrx_word' id='word_1_248' title='bbox 677 2133 879 2173; x_wconf 83' lang='lat' dir='ltr'>compares</span> <span class='ocrx_word' id='word_1_249' title='bbox 900 2134 1087 2175; x_wconf 84' lang='lat' dir='ltr'>magnam</span> <span class='ocrx_word' id='word_1_250' title='bbox 1110 2120 1292 2171; x_wconf 89' lang='lat' dir='ltr'>ejusdem</span> <span class='ocrx_word' id='word_1_251' title='bbox 1310 2121 1541 2174; x_wconf 77' lang='lat' dir='ltr'>argumenti</span> <span class='ocrx_word' id='word_1_252' title='bbox 1560 2111 1566 2114; x_wconf 39' lang='lat'>⁵</span> 
     </span>
     <span class='ocr_line' id='line_1_30' title="bbox 279 2183 1539 2232; baseline 0 -4"><span class='ocrx_word' id='word_1_253' title='bbox 279 2190 501 2229; x_wconf 86' lang='lat' dir='ltr'>carminum</span> <span class='ocrx_word' id='word_1_254' title='bbox 518 2189 833 2228; x_wconf 85' lang='lat' dir='ltr'>multitudinem.</span> <span class='ocrx_word' id='word_1_255' title='bbox 854 2208 920 2217; x_wconf 87' lang='lat'>—-</span> <span class='ocrx_word' id='word_1_256' title='bbox 955 2189 1006 2230; x_wconf 91' lang='lat' dir='ltr'>V.</span> <span class='ocrx_word' id='word_1_257' title='bbox 1035 2197 1071 2227; x_wconf 84' lang='lat'>1.</span> <span class='ocrx_word' id='word_1_258' title='bbox 1102 2184 1208 2232; x_wconf 68' lang='grc' dir='ltr'><strong><em>ἄλλης</em></strong></span> <span class='ocrx_word' id='word_1_259' title='bbox 1226 2187 1286 2226; x_wconf 67' lang='grc' dir='ltr'>ἀπ’</span> <span class='ocrx_word' id='word_1_260' title='bbox 1304 2183 1423 2231; x_wconf 69' lang='grc' dir='ltr'><strong><em>ἄλλης.</em></strong></span> <span class='ocrx_word' id='word_1_261' title='bbox 1446 2188 1539 2228; x_wconf 84' lang='lat' dir='ltr'>Vat.</span> 
     </span>
     <span class='ocr_line' id='line_1_31' title="bbox 280 2252 1541 2308; baseline -0.003 -10"><span class='ocrx_word' id='word_1_262' title='bbox 280 2257 382 2298; x_wconf 92' lang='lat' dir='ltr'>Cod.</span> <span class='ocrx_word' id='word_1_263' title='bbox 435 2258 576 2307; x_wconf 76' lang='lat' dir='ltr'>Miror,</span> <span class='ocrx_word' id='word_1_264' title='bbox 607 2254 938 2308; x_wconf 85' lang='lat' dir='ltr'>praepofitionem</span> <span class='ocrx_word' id='word_1_265' title='bbox 964 2260 1031 2294; x_wconf 66' lang='grc' dir='ltr'>ἀπὸ</span> <span class='ocrx_word' id='word_1_266' title='bbox 1056 2254 1114 2294; x_wconf 87' lang='lat' dir='ltr'>bis</span> <span class='ocrx_word' id='word_1_267' title='bbox 1136 2252 1299 2306; x_wconf 77' lang='lat' dir='ltr'>positam</span> <span class='ocrx_word' id='word_1_268' title='bbox 1324 2253 1541 2294; x_wconf 71' lang='lat' dir='ltr'>doffissimo</span> 
     </span>
     <span class='ocr_line' id='line_1_32' title="bbox 278 2318 1542 2365; baseline -0.003 -1"><span class='ocrx_word' id='word_1_269' title='bbox 278 2324 428 2364; x_wconf 80' lang='lat' dir='ltr'>editori</span> <span class='ocrx_word' id='word_1_270' title='bbox 460 2322 703 2363; x_wconf 82' lang='lat' dir='ltr'>stomachum</span> <span class='ocrx_word' id='word_1_271' title='bbox 732 2336 817 2363; x_wconf 89' lang='lat' dir='ltr'>non</span> <span class='ocrx_word' id='word_1_272' title='bbox 857 2320 1034 2364; x_wconf 84' lang='lat' dir='ltr'>moviffe.</span> <span class='ocrx_word' id='word_1_273' title='bbox 1089 2321 1222 2362; x_wconf 88' lang='lat' dir='ltr'>Verba</span> <span class='ocrx_word' id='word_1_274' title='bbox 1252 2318 1376 2362; x_wconf 59' lang='grc' dir='ltr'>ἄνθει-ο</span> <span class='ocrx_word' id='word_1_275' title='bbox 1397 2321 1466 2365; x_wconf 63' lang='grc' dir='ltr'>,ἀπ’</span> <span class='ocrx_word' id='word_1_276' title='bbox 1491 2320 1542 2360; x_wconf 87' lang='lat' dir='ltr'>ab</span> 
     </span>
     <span class='ocr_line' id='line_1_33' title="bbox 280 2387 1547 2444; baseline -0.002 -14"><span class='ocrx_word' id='word_1_277' title='bbox 280 2391 469 2444; x_wconf 62' lang='lat' dir='ltr'>imperito</span> <span class='ocrx_word' id='word_1_278' title='bbox 496 2389 682 2439; x_wconf 81' lang='lat' dir='ltr'>librario,</span> <span class='ocrx_word' id='word_1_279' title='bbox 714 2391 783 2443; x_wconf 84' lang='lat' dir='ltr'>qui</span> <span class='ocrx_word' id='word_1_280' title='bbox 808 2387 963 2430; x_wconf 84' lang='lat' dir='ltr'>versum</span> <span class='ocrx_word' id='word_1_281' title='bbox 997 2390 1184 2429; x_wconf 86' lang='lat' dir='ltr'>mutilum</span> <span class='ocrx_word' id='word_1_282' title='bbox 1208 2387 1446 2442; x_wconf 79' lang='lat' dir='ltr'>reperiebat,</span> <span class='ocrx_word' id='word_1_283' title='bbox 1481 2387 1547 2429; x_wconf 81' lang='lat' dir='ltr'>ad·</span> 
     </span>
     <span class='ocr_line' id='line_1_34' title="bbox 279 2453 1299 2511; baseline -0.003 -12"><span class='ocrx_word' id='word_1_284' title='bbox 279 2458 363 2499; x_wconf 84' lang='lat' dir='ltr'>dita</span> <span class='ocrx_word' id='word_1_285' title='bbox 384 2456 465 2498; x_wconf 79' lang='lat' dir='ltr'>effe</span> <span class='ocrx_word' id='word_1_286' title='bbox 484 2468 594 2511; x_wconf 84' lang='lat' dir='ltr'>puto,</span> <span class='ocrx_word' id='word_1_287' title='bbox 621 2471 712 2496; x_wconf 89' lang='lat' dir='ltr'>cum</span> <span class='ocrx_word' id='word_1_288' title='bbox 737 2457 899 2510; x_wconf 81' lang='lat' dir='ltr'>Alpheus</span> <span class='ocrx_word' id='word_1_289' title='bbox 924 2455 1086 2496; x_wconf 80' lang='lat' dir='ltr'>fortaffe</span> <span class='ocrx_word' id='word_1_290' title='bbox 1109 2453 1299 2497; x_wconf 82' lang='lat' dir='ltr'>dedisset:</span> 
     </span>
    </p>

    <p class='ocr_par' dir='ltr' id='par_1_4' title="bbox 544 2524 1269 2573">
     <span class='ocr_line' id='line_1_35' title="bbox 544 2524 1269 2573; baseline 0 -9"><span class='ocrx_word' id='word_1_291' title='bbox 544 2528 629 2569; x_wconf 67' lang='grc' dir='ltr'>θῆκε</span> <span class='ocrx_word' id='word_1_292' title='bbox 658 2524 729 2564; x_wconf 78' lang='grc' dir='ltr'>τόδ’</span> <span class='ocrx_word' id='word_1_293' title='bbox 755 2531 878 2568; x_wconf 71' lang='grc' dir='ltr'>οἷκείης</span> <span class='ocrx_word' id='word_1_294' title='bbox 899 2530 1067 2573; x_wconf 74' lang='grc' dir='ltr'><strong><em>σύμβολον</em></strong></span> <span class='ocrx_word' id='word_1_295' title='bbox 1092 2528 1269 2571; x_wconf 60' lang='lat' dir='ltr'>&amp;resolue-</span> 
     </span>
    </p>
   </div>
   <div class='ocr_carea' id='block_1_3' title="bbox 279 2591 1549 2646">
    <p class='ocr_par' dir='ltr' id='par_1_5' title="bbox 279 2591 1549 2646">
     <span class='ocr_line' id='line_1_36' title="bbox 279 2591 1549 2646; baseline -0.002 -12"><span class='ocrx_word' id='word_1_296' title='bbox 279 2591 400 2634; x_wconf 89' lang='lat' dir='ltr'>Conf.</span> <span class='ocrx_word' id='word_1_297' title='bbox 419 2592 584 2634; x_wconf 81' lang='lat' dir='ltr'>Archiae</span> <span class='ocrx_word' id='word_1_298' title='bbox 604 2593 677 2646; x_wconf 81' lang='lat' dir='ltr'>Ep.</span> <span class='ocrx_word' id='word_1_299' title='bbox 700 2592 769 2635; x_wconf 89' lang='lat' dir='ltr'>v1.</span> <span class='ocrx_word' id='word_1_300' title='bbox 790 2592 881 2634; x_wconf 85' lang='lat' dir='ltr'>vn.</span> <span class='ocrx_word' id='word_1_301' title='bbox 899 2593 1011 2636; x_wconf 82' lang='lat' dir='ltr'>vm.</span> <span class='ocrx_word' id='word_1_302' title='bbox 1036 2593 1188 2641; x_wconf 63' lang='lat' dir='ltr'>1X.‚—</span> <span class='ocrx_word' id='word_1_303' title='bbox 1218 2591 1270 2634; x_wconf 82' lang='lat' dir='ltr'>V.</span> <span class='ocrx_word' id='word_1_304' title='bbox 1284 2599 1324 2643; x_wconf 81' lang='lat'>3.</span> <span class='ocrx_word' id='word_1_305' title='bbox 1344 2594 1549 2639; x_wconf 68' lang='grc' dir='ltr'>ὰπδμοίςικ.</span> 
     </span>
    </p>
   </div>
  </div>
 </body>
</html>
