1598 2866
186 188 543 239 u.113.q[.114.
634 194 1127 225 anensimmatra.
1366 194 1454 235 301

193 324 264 352 nv.
282 330 350 341 -
381 310 431 351 V.
457 315 498 358 ς.
525 315 764 356 κατευόρᾱφον.
799 307 974 363 Junfflm
995 308 1129 361 vulgo.
1174 308 1261 348 Hoc
1280 308 1361 360 jam
1383 308 1462 348 Ste-

191 377 305 433 phan.
332 375 584 427 emendavit,
627 386 669 416 et
701 375 786 430 post
817 390 907 416 eum
944 373 1157 426 Salmafius.
1181 396 1248 406 —-
1304 383 1462 425 ’γραπτὸν

195 453 310 492 τέγος.
332 445 492 496 Ρίξὶητίε
508 457 799 496 nonnunquam
820 443 981 483 aedium
1005 442 1156 497 fastigia
1176 454 1314 482 ornata
1332 441 1463 495 fuiffe,

195 523 358 565 apparet
379 524 428 551 ex
447 510 613 561 Pausian.
636 513 677 551 L.
704 513 732 552 1.
755 516 828 557 18.
858 524 896 562 p.
920 521 997 563 43.
1031 509 1086 555 um?
1108 508 1278 556 οἰκήματα
1308 513 1462 549 ἐνταῦθά

187 569 286 619 ἱππ
306 580 414 628 ὀρόφῳ
440 596 480 617 τε
501 584 674 626 ἐπιχρύσῳ
693 577 973 632 κσῆιᾶλαβάστςῳ
994 581 1094 627 λίθῳ,
1125 583 1208 625 πρὸς
1225 582 1262 616 δὲ
1278 582 1460 625 ἀγάλμασι

194 654 427 694 κεκοσμημένα
457 644 513 690 non*
545 650 708 694 γραφαῖς.
763 645 962 702 Euript'det
988 646 1032 685 in
1062 643 1225 699 Hypfip.
1245 637 1304 696 ap.
1330 644 1463 686 Galen.

195 717 246 756 T.
289 714 340 754 V.
367 728 406 767 p.
433 714 541 764 615.
583 724 658 755 20.
701 718 772 753 ἰδοῦ
813 719 893 760 πρὸς
931 711 1042 760 αἰθέρ’
1081 717 1327 760 §gammam
1367 720 1462 760 κεμ,

195 787 373 830 reus-ro&
394 785 428 819 ἐν
446 785 587 820 alet-0761
612 787 833 829 προςβλέπειν
853 787 991 824 τύπους.
1031 790 1076 819 ut
1095 778 1204 821 hunc
1230 780 1363 820 locum
1383 781 1464 820 eie-

197 857 341 905 ganter
388 849 559 888 correxit
606 845 821 890 Valckenar.
864 848 908 887 in
950 848 1074 888 Diatr.
1116 861 1154 900 p·
1185 857 1295 899 214.
1325 851 1365 888 Β.
1395 867 1464 877 —-

158 949 163 954 .
196 910 247 956 V.
272 917 315 958 6.
342 921 464 959 υΓαΐε.
488 915 608 967 cajus
633 917 664 956 is
687 914 742 955 est
763 915 964 970 Agrippae
988 913 1104 965 filius,
1129 914 1335 969 Augustie
1353 915 1462 970 Julia

196 1005 225 1027 ῃ
234 996 371 1036 nepos,
394 995 515 1036 quem
538 996 631 1035 avus
651 983 851 1036 adoptavit
871 994 912 1021 et
932 979 1188 1022 successorem
1211 983 1370 1036 imperii
1389 982 1462 1023 fibi

197 1049 490 1095 ,‚destinavit.“
515 1050 584 1107 Br.
644 1053 797 1091 Omnes
829 1049 919 1090 edd.
951 1060 1048 1091 vett.
1083 1062 1210 1103 usque
1240 1050 1291 1090 ad
1322 1049 1460 1104 Steph.

196 1125 289 1158 Γάϊε.
309 1138 371 1148 --
416 1119 465 1160 V.
484 1126 528 1168 7.
555 1123 572 1156 ὁ
591 1124 776 1167 βουφάγος.
808 1118 1013 1159 Hercules.
1036 1137 1101 1146 --
1143 1133 1181 1156 σε
1202 1118 1351 1158 omittit
1371 1118 1462 1159 Vat-

193 1185 295 1227 eod.

293 1251 381 1292 XX.
409 1251 509 1292 Cod·
539 1253 631 1294 Vat.
662 1267 701 1306 p.
733 1251 843 1304 406.
873 1252 1112 1299 ’Auram-argon.
1161 1252 1297 1293 Edidit
1320 1252 1464 1299 Boivjn

196 1319 294 1360 dans
325 1320 381 1359 les
406 1319 528 1359 Mem.
551 1320 609 1359 de
629 1321 729 1362 l'Ac.
751 1322 800 1361 T.
824 1322 896 1361 111.
915 1334 952 1372 p.
980 1326 1087 1369 387.
1119 1317 1277 1372 Jenstus
1299 1335 1360 1360 nr.
1390 1331 1462 1370 17.

195 1384 320 1428 Reisk.
350 1387 393 1427 in
419 1386 544 1428 Antb.
571 1400 632 1430 nr.
658 1387 764 1439 667.
797 1402 833 1441 p.
867 1397 884 1427 1
901 1397 917 1426 1
933 1390 972 1433 8.
1020 1377 1218 1440 Scriptum
1243 1388 1399 1428 videtur
1415 1390 1461 1428 in

196 1465 428 1506 apparatum
464 1453 562 1494 belli
590 1466 727 1495 contra
758 1454 944 1506 Parthos,
979 1468 1058 1508 quo
1089 1453 1275 1494 effeuum
1303 1455 1380 1508 est,
1414 1467 1460 1495 ut

192 1521 330 1564 Parthi
365 1520 474 1576 signa
508 1511 716 1577 legionutn
755 1525 1047 1573 Romanarum,
1077 1535 1180 1575 quae
1205 1536 1294 1567 eum
1324 1521 1459 1565 Craffo

193 1591 409 1642 perierant,
441 1590 669 1629 redderent.
733 1591 854 1642 Quod
883 1588 1030 1629 faetum
1063 1592 1111 1630 A.
1132 1591 1183 1629 U.
1214 1599 1322 1640 734.
1368 1590 1462 1632 vid.

194 1656 280 1696 1)ιό
306 1654 402 1707 Caffi
427 1659 468 1697 L.
490 1658 587 1698 LIV.
620 1673 659 1711 p.
680 1658 792 1708 736.
840 1668 881 1698 et
898 1657 1024 1697 Bentl.
1051 1655 1100 1696 ad
1122 1656 1262 1698 Horat.
1287 1659 1323 1697 Ι..
1341 1656 1463 1710 Epist.

194 1725 341 1764 XVnI.
375 1734 448 1775 55.
478 1746 543 1753 —-
598 1728 649 1766 V.
676 1737 716 1767 1.
748 1725 808 1765 ἀπ’
834 1731 941 1772 Exime.
978 1721 1113 1764 vitiose
1143 1724 1234 1765 Vat.
1266 1726 1367 1767 Cod.
1395 1749 1462 1756 --

196 1797 295 1834 Ζηνὸς
319 1799 428 1836 τέκος.
454 1794 602 1833 Divum
621 1795 774 1849 Julium
796 1795 1081 1846 interpretatur
1100 1789 1286 1835 Reiskius.
1323 1797 1462 1848 Augu-

196 1857 274 1899 stus
298 1860 406 1899 enim
433 1873 483 1899 ex
505 1862 669 1901 Graecia
690 1862 731 1900 in
752 1859 879 1901 Afiam
910 1861 1103 1899 transiens
1129 1859 1282 1900 Parthis
1306 1860 1460 1900 bellum

196 1925 380 1966 illaturus
417 1925 498 1967 esse
526 1927 750 1969 videbatur.
770 1949 836 1956 --
879 1930 929 1968 V.
955 1938 997 1968 2.
1028 1930 1268 1973 αὐτομολεῦσᾳ.
1305 1926 1460 1972 Βοὶυὶη.

196 1986 290 2032 Nou
319 1995 428 2033 enim
458 1995 674 2035 adventum
705 1993 988 2049 exspeetabunt
1012 2005 1149 2044 tuum,
1184 1991 1250 2034 sed
1271 1997 1376 2036 ultro
1397 2011 1461 2049 pa·

197 2072 283 2100 cem
303 2064 480 2116 rogaturi
503 2065 678 2103 venient.
730 2067 802 2104 Pro
823 2063 901 2111 η’ῷοι
932 2060 1106 2102 Reiskius
1126 2059 1388 2112 suspicabatur
1406 2069 1461 2102 ἱπ-

196 2129 295 2177 πεΐοὶ,
329 2130 422 2181 quia
443 2130 542 2171 Cod.
569 2131 685 2170 leffio
704 2129 774 2184 ipfi
794 2132 988 2185 languere
1011 2129 1229 2170 videbatur.
1264 2133 1319 2171 At
1339 2144 1460 2184 quam

198 2194 326 2248 inepti
355 2196 533 2250 equestres
562 2198 800 2238 Parthorum
826 2198 930 2251 pedes
957 2196 1189 2237 forent!—
1220 2199 1269 2238 V.
1299 2206 1336 2246 3.
1361 2196 1460 2247 δήεις.

199 2262 290 2302 Vat.
315 2264 416 2304 Cod.
442 2284 505 2297 -ψ
536 2274 763 2312 κεκλασμένα.
791 2266 902 2304 Boiv·
923 2265 1113 2305 male.·—·
1148 2266 1196 2305 V.
1220 2275 1263 2314 4.
1282 2263 1458 2311 πατρῴων.

198 2329 310 2369 Haec
336 2344 424 2369 cum
458 2329 715 2385 sequentibus
743 2347 824 2372 non
857 2330 945 2371 satis
973 2331 1162 2384 expedita
1191 2328 1292 2370 sunt.
1349 2332 1461 2382 Quid

202 2394 271 2446 est,
290 2399 397 2449 quod
418 2400 549 2439 oriens
580 2411 742 2440 vocetur
760 2402 945 2448 πατρῷοςῗ
1007 2403 1072 2441 An
1100 2399 1148 2438 ad
1173 2399 1390 2449 Trojanam
1413 2399 1461 2438 ab

200 2468 570 2521 Aeneaioriginem
603 2465 840 2520 respicitur?
867 2490 932 2496 —
956 2494 959 2497 ι
980 2470 1020 2508 Ἡ.
1050 2477 1066 2505 1
1085 2460 1175 2517 14.]
1212 2467 1260 2505 V.
1290 2476 1329 2514 ς.
1355 2468 1465 2507 Haec

199 2529 360 2572 fortafl'e
388 2532 438 2574 fic
464 2535 737 2586 expedienda:
784 2535 947 2574 Romani
978 2534 1149 2586 imperii,
1180 2531 1286 2583 quod
1315 2533 1394 2584 jam
1416 2534 1465 2574 ab

199 2597 385 2640 omnibus
422 2602 599 2655 partibus
638 2615 787 2643 oceano
819 2602 1075 2649 terminatur,
1123 2598 1223 2639 fines
1257 2612 1384 2653 usque
1414 2601 1464 2642 aa
