1598 2866
229 184 323 236 362
624 198 1092 230 APOLLONIDAE
1318 194 1492 244 11.135.

223 318 266 349 te
285 317 481 354 maternos
510 309 661 349 animos
684 306 855 351 sumssffe
880 316 928 351 'et
954 310 1196 367 halcyonum
1233 314 1410 366 partibus
1431 314 1487 356 fa·

222 389 319 415 vere
356 377 558 430 gloriariS,
610 377 905 418 Aristomenem
936 392 1018 419 una
1055 393 1144 419 cum
1188 385 1279 422 navi
1323 381 1486 425 mersisti

221 441 420 487 fluffibus,
478 443 690 497 Vulgatam
717 445 771 483 ita
803 444 968 486 defendi
997 444 1106 498 posse
1136 449 1299 499 putabat
1319 450 1485 491 Huetius

218 525 259 564 p.
287 520 329 560 9.
356 501 401 550 tit
424 514 510 557 γαΐα
530 508 598 562 fit,
632 524 713 550 cum
737 524 775 551 te
793 512 953 553 alteram
976 526 1122 554 terram
1141 514 1347 568 effijac‘kas.
1390 516 1482 557 Sca-

221 578 319 634 liger
349 576 529 617 tentabat
554 584 643 628 γαίᾳ
673 577 729 623 κα)
751 577 880 623 νήεσσιν
906 585 941 621 ὲ,
976 582 1020 620 in
1041 594 1121 633 quo
1140 580 1238 622 felix
1259 585 1345 636 ejus
1365 586 1482 639 inge·

221 647 336 685 nium
359 642 551 685 defidero.
600 646 710 685 Male
733 648 850 686 etiam
878 646 1070 688 Brodaeus
1098 637 1250 689 ω’δίνεσσι
1275 653 1482 704 procreatis·

218 710 431 752 hominibus
460 712 769 765 iuterpretatur,
808 728 899 754 cum
931 714 1183 756 manifestum
1209 715 1280 769 fit,
1315 718 1365 759 ad
1400 716 1482 758 hal-

217 792 394 834 cyonum
416 778 533 822 ὠδῖνας
554 777 704 831 respici.
754 781 921 822 Grotius
941 783 1082 822 vertit:

230 886 235 888 μ
289 845 464 898 Tempore
484 858 526 885 at
544 845 624 897 hoc,
656 845 779 898 fidum
788 849 913 902 justas
932 864 1007 903 quo
1026 847 1216 903 partubus
1233 848 1313 902 effi,

349 913 480 965 Ipsum
511 925 603 953 onus
630 925 666 954 et
687 914 879 955 dominum
911 921 1048 973 mergis
1066 916 1344 969 Aristomenem.

214 981 327 1020 ulcus
347 978 466 1032 hujus
487 980 561 1020 loci
581 995 662 1020 non
679 984 892 1038 attingens.
922 985 999 1024 Sed
1020 985 1271 1036 Hieronymus
1280 985 1323 1025 de
1339 985 1478 1037 Bofih,

214 1049 289 1089 Vir
317 1048 406 1086 clar.
439 1047 514 1087 hoc
541 1058 675 1088 tamen
703 1050 789 1089 loco
823 1049 1009 1091 Munkeri
1036 1052 1361 1093 emendationem
1389 1058 1478 1101 μαῖα

213 1116 261 1155 in
286 1125 400 1154 textu
421 1111 561 1167 posuit.
592 1117 677 1156 Hoc
697 1116 931 1157 vocabulum
955 1115 1066 1159 sensu
1088 1117 1257 1174 figurato
1276 1117 1478 1174 usurpavit

212 1180 425 1233 Dionyst'us
453 1183 524 1232 Ep.
548 1185 596 1228 X,
626 1188 701 1222 οὐδὲ
722 1183 854 1233 Κυρήνη
874 1190 968 1225 Mam
1000 1203 1039 1225 σε
1066 1185 1231 1235 πατρῷων
1248 1184 1476 1241 ἔντὸςιὲδεκτο

208 1255 342 1296 «τάφων.
385 1249 541 1302 Julian.
565 1250 657 1305 Aeg.
687 1252 759 1304 Ep.
780 1253 940 1297 XXXH.
970 1260 1090 1301 Παφίη
1121 1250 1292 1302 stechadas
1313 1275 1344 1284 -
1363 1259 1477 1295 Μαῖσιν

208 1315 408 1360 'Ananim
432 1316 594 1364 εὖςαμένη
615 1323 786 1365 παλάμην.

307 1405 413 1444 XIV.
448 1404 550 1445 Cod.
571 1405 659 1446 Vat.
675 1419 714 1457 p.
734 1417 842 1458 404.
874 1406 1038 1447 Planud.
1057 1421 1098 1460 p.
1124 1407 1265 1457 83.St.
1288 1408 1473 1458 123.W.

209 1472 382 1516 Historia
409 1472 460 1512 de
483 1472 634 1524 aquila,
683 1488 799 1526 quae,
829 1487 910 1527 quo
937 1484 1120 1527 tempore
1148 1472 1334 1515 Tiberius
1361 1476 1472 1516 Nero

206 1540 340 1583 Rhodi
365 1539 581 1588 habitabat,
614 1540 656 1580 in
678 1539 833 1596 fastigio
855 1541 1014 1582 aedium
1034 1542 1120 1593 ejus
1140 1538 1329 1582 consedit.
1371 1538 1471 1582 Rem

205 1617 342 1650 narrat
363 1607 518 1649 Sueton.
541 1606 623 1647 Vit.
645 1607 784 1649 Tiber.
805 1623 838 1649 c.
851 1610 957 1650 XIV.
981 1610 1083 1648 Ante
1099 1620 1235 1663 paucos
1251 1622 1338 1649 vero
1358 1622 1471 1664 quam

205 1686 454 1715 revocaretur
471 1667 700 1728 (Tiberius)
720 1675 795 1716 dies
818 1689 839 1715 a
851 1690 875 1730 q
887 1689 912 1716 u
926 1675 994 1716 ila
1008 1708 1017 1726 ‚
1044 1689 1069 1715 n
1082 1690 1105 1715 u
1118 1689 1176 1730 nq
1188 1692 1212 1718 u
1224 1692 1246 1716 a
1260 1691 1296 1716 m
1324 1689 1470 1716 antea

195 1741 309 1788 Rho
324 1742 350 1782 d
358 1745 373 1781 i
408 1753 491 1780 con
491 1740 533 1791 s
526 1743 677 1795 pec'la,
711 1745 751 1782 in
774 1743 932 1783 culmine
959 1743 1088 1783 domus
1108 1744 1185 1797 ejus
1203 1743 1386 1804 adfidit3'
1405 1744 1470 1784 cui

202 1811 292 1849 loco
317 1805 562 1860 casaubonus
584 1810 838 1864 Epigramma
850 1809 1025 1850 nostrum
1044 1811 1231 1852 admovit.
1248 1829 1314 1839 --
1354 1811 1404 1850 V.
1428 1819 1468 1852 1.

202 1877 370 1917 εΡοδίιησιιι
388 1881 590 1925 bracteam-oc.
623 1876 778 1917 Rhodus
803 1878 969 1932 aquilam
988 1891 1063 1917 non
1078 1875 1200 1919 habet.
1233 1877 1335 1918 Ptin.
1353 1879 1403 1920 H.
1416 1878 1468 1918 N.

203 1945 247 1985 L.
281 1946 328 1984 X.
354 1953 430 1994 41·
462 1945 582 1984 Torn.
604 1944 633 1983 l.
667 1958 707 1997 p.
741 1946 848 1994 560.
880 1967 945 1974 -—-
988 1950 1178 1992 ἄνέμβατος
1192 1941 1411 1985 insolenter
1428 1945 1468 1986 vi

203 2011 329 2051 affiva
349 2011 525 2064 ponitur,
557 2011 609 2051 de
639 2024 701 2062 eo,
731 2013 799 2064 qui
821 2012 1008 2052 accedere
1032 2013 1081 2052 ad
1103 2013 1235 2052 iocum
1263 2026 1346 2053 non
1366 2009 1468 2052 sole-

200 2077 293 2127 bat„
342 2091 433 2118 cum
462 2079 623 2131 proprie
658 2076 704 2118 sit
733 2077 936 2130 inacceffus.
965 2101 1030 2109 -
1072 2081 1120 2121 V·
1149 2089 1193 2119 2.
1230 2083 1468 2127 Κερκαφίδαις.

202 2145 310 2186 Vide
328 2145 377 2185 ad
397 2145 471 2196 Ep.
491 2145 543 2186 11.
567 2154 605 2195 3.
626 2167 691 2176 ——-
727 2151 869 2194 ἱστορίη.
891 2160 1012 2199 quam
1032 2159 1240 2200 nunquam
1263 2146 1466 2196 viderant3

200 2227 325 2267 quam
343 2211 465 2253 fando
488 2213 720 2253 audiverant
739 2223 908 2255 tantum.
926 2237 985 2245 —
1020 2216 1070 2257 V.
1099 2224 1139 2265 3.
1157 2213 1308 2260 ὖψιπετίῐ
1325 2221 1463 2263 ταρσόν»

200 2326 291 2375 alas,
313 2324 458 2377 quibus
481 2321 631 2364 summa
650 2326 749 2366 coeli
779 2327 892 2379 petit.
915 2348 980 2357 —-
1010 2331 1134 2376 ἄεςθης
1162 2328 1252 2368 Vat.
1274 2325 1463 2368 cod.—

197 2394 250 2433 V.
271 2402 314 2443 4,
334 2392 467 2430 Ἠελίου
487 2401 593 2436 νῆσον.
624 2392 822 2442 Rhodum,
845 2394 927 2435 Soli
948 2390 1093 2434 saetam
1120 2389 1303 2434 insulam.
1355 2392 1471 2442 Vides

197 2460 250 2499 ad
265 2457 452 2512 Antiphil.
475 2461 545 2512 Ep.
565 2461 669 2501 XIX.
691 2480 757 2489 -—
783 2462 833 2503 V.
857 2469 898 2512 ς.
925 2469 1015 2509 χειρὶ
1033 2458 1193 2507 συνήθης,
1213 2471 1259 2500 ut
1280 2460 1460 2515 adjovis,

196 2527 253 2566 ita
290 2526 340 2566 ad
380 2528 551 2567 Neronis
593 2541 734 2568 manus
784 2527 973 2575 acce-dete
1011 2525 1209 2571 consueta.
1240 2521 1295 2561 .'-.
1343 2529 1393 2568 V..
1417 2526 1459 2567 6.
1512 2534 1515 2536 '

197 2602 290 2638 Ζῆνα
309 2600 367 2634 τὸν
389 2598 578 2641 ἐσσόμενον.
597 2595 702 2636 Hinc
724 2596 978 2651 intelligitur,
1000 2597 1255 2652 Epigramma
1274 2591 1462 2648 scriptum
