1598 2866
153 154 333 203 11.105.
464 161 638 193 tour.
671 160 991 198 ,ῐυΝιοιῐε
1032 160 1118 191 tr.
1331 158 1428 202 277

152 289 223 320 nas
245 274 380 316 calcat.
416 272 559 314 Horat.
579 273 707 326 Epod.
727 274 834 314 XVI.
863 282 883 313 1
898 283 934 314 1.
959 266 1261 314 Barbarus'heu
1284 276 1422 314 eineres

152 340 293 395 iufistet
306 341 439 392 vidor,
470 353 507 380 et
537 338 672 380 Urbem
694 341 819 395 Eques
830 340 999 391 anante
1015 338 1232 380 verberabit
1245 335 1416 397 'ungula-

151 409 330 459 Omnino
359 418 495 447 autem
520 407 650 448 verbis
679 413 799 447 πατεῖν
818 419 861 448 et
887 411 1101 461 καταποςτεῖν
1131 406 1302 447 adhaefit
1320 422 1415 449 con·

149 475 359 518 temnendi
387 485 429 515 et
457 471 700 528 despiciendi
731 476 858 516 notio.
907 470 1265 526 qu'ycb.'aeoerfouet.
1302 493 1414 515 nara-

145 540 361 596 φςονίσουο-ι.
414 542 518 582 Vide
546 541 707 594 Esther.
738 542 787 583 ad
814 546 955 584 Anacr.
985 556 1025 594 p.
1056 551 1161 582 101.
1180 564 1246 572 -—
1289 542 1339 585 V.
1366 543 1413 586 6.

145 615 320 659 κανονιδῃ.
339 610 519 659 Homeri,
553 610 653 649 tanti
672 609 888 662 praeconis,
914 607 1187 648 testimonium
1206 607 1306 649 mihi
1326 606 1409 649 suf-

144 675 242 718 ficit.
272 677 378 719 Vide
401 674 527 728 Waffi
545 676 595 726 qd
620 675 782 730 naqa.
802 677 846 716 L.
870 676 922 718 11.
939 689 978 728 p.
999 685 1110 728 423.
1132 675 1196 718 ed.
1219 677 1305 728 Bip.
1336 678 1407 730 qui

144 743 223 785 hoc
240 743 456 794 distichon,
488 740 557 784 sed
572 741 710 783 vitiose
729 740 930 796 scriptum,
961 743 1111 784 laudat.

243 810 299 852 11.
333 811 435 854 Cod.
459 811 549 852 Vat.
573 825 611 866 p.
631 820 742 863 240.
790 811 904 853 Plan.
924 824 964 863 p.
988 820 1098 860 225.
1120 812 1175 851 St.
1202 814 1308 861 328.
1335 811 1405 852 W.

142 879 192 919 ln
212 878 343 920 Laidis
362 878 575 918 tumulum.
591 900 658 907 —
693 880 743 918 V.
770 887 809 921 1.
834 885 875 917 τὲ
893 885 996 918 καλὸν
1014 880 1094 920 ἄνθ.
1123 879 1187 919 Sic
1211 876 1400 919 Theocrit-

141 946 232 989 Eid.
254 946 327 985 111.
350 956 390 995 3.
421 945 491 985 ubi
510 945 600 986 vide
625 943 792 986 Valcken.
814 966 878 975 —-
918 947 967 985 V.
990 954 1036 985 2.
1055 945 1188 985 laudat
1202 944 1340 985 Suidao
1356 946 1402 985 in

140 1019 252 1060 usgue
269 1015 322 1054 Τ.
349 1014 396 1053 11.
408 1026 449 1064 p.
462 1021 574 1067 437.
600 1012 763 1060 Mulier,
787 1013 850 1052 cui
870 1012 1191 1065 praestantissima
1211 1026 1234 1051 a
1251 1013 1401 1053 Gratiis

140 1093 313 1120 munera
339 1079 589 1136 obtigerant,
619 1087 684 1118 τιν
704 1087 855 1127 Χαρίτων
875 1087 987 1128 λείρια
1014 1083 1203 1127 δρέψασθαι
1237 1078 1397 1120 dicitur.

139 1147 329 1187 Similiter
365 1151 509 1200 poetae
546 1143 754 1187 Musarum
790 1146 907 1187 flores
943 1146 1137 1187 dicuntur
1157 1147 1399 1199 decerpere;

138 1216 251 1267 cujus
281 1213 441 1269 generis
466 1214 662 1254 nonnulla
699 1214 933 1269 collegimus
970 1213 1020 1254 ad
1048 1210 1194 1267 Noffid.
1226 1215 1297 1266 Ep.
1325 1216 1396 1254 XI.

136 1282 187 1322 T.
206 1283 236 1324 Ι,
254 1283 299 1322 Ρ.
321 1282 352 1321 1.
375 1294 414 1332 p.
433 1290 543 1331 420.
565 1301 631 1308 -
674 1283 723 1321 V.
747 1291 786 1331 3.
814 1287 964 1329 »δρόμον
992 1282 1036 1321 in
1068 1280 1254 1321 omnibus
1283 1280 1395 1321 libris

133 1347 236 1392 nest.
269 1347 404 1388 Suidas
425 1343 492 1402 (in
514 1353 762 1395 χρυσοχάλινον
785 1350 833 1389 Τ.
858 1350 927 1389 111.
947 1363 987 1401 Ρ,
1006 1349 1136 1400 694.)
1156 1359 1225 1387 aut
1243 1361 1398 1387 memo·

131 1416 226 1462 „ria
243 1412 393 1467 lapsus,
425 1426 494 1454 aut
514 1429 634 1468 pravo
655 1415 845 1468 deceptus
873 1415 973 1456 Cod.
994 1415 1117 1455 habet
1135 1421 1221 1463 φάος
1244 1416 1286 1454 in
1310 1431 1395 1463 χρυ-

130 1488 370 1534 „uxama-a,
414 1495 534 1535 quam
563 1495 701 1522 vocem
738 1484 874 1535 inepte
911 1484 1199 1536 interpretatur
1229 1490 1393 1530 Λαμκςὸν,

129 1557 314 1598 „nen-2062.
347 1546 511 1591 Versum
539 1551 659 1589 vertit
690 1549 904 1597 Kusterus:
937 1563 1014 1589 non
1042 1549 1202 1603 amplius
1237 1562 1394 1595 aureum

127 1616 326 1670 »adspicit
354 1616 476 1657 lumen
492 1616 606 1667 solis.
656 1623 903 1665 χρυσοχάλινος
930 1622 1050 1666 δρόμος
1073 1616 1129 1657 est
1147 1615 1301 1667 cursus,
1325 1616 1396 1669 qui

126 1687 288 1739 „aureis
306 1697 487 1739 equorum
498 1684 635 1736 frenis
652 1687 819 1740 regitur.
859 1684 1079 1737 Epitheton
1105 1684 1179 1724 hoc
1200 1697 1292 1724 cum
1320 1688 1394 1730 δρύ-

127 1767 225 1799 ημον
242 1750 371 1800 bene,
400 1764 491 1793 cum
521 1757 607 1799 φάος
635 1752 871 1804 neutiquam
898 1752 1092 1806 conjungi
1120 1750 1294 1804 potest.“
1318 1750 1391 1790 ΒΓ.

127 1818 350 1872 Epitheton
366 1834 519 1866 xmox.
550 1818 658 1870 quod
678 1819 842 1871 proprie
862 1819 911 1858 ad
930 1819 1046 1863 ἠελίου
1065 1819 1256 1870 pertinet,
1276 1830 1389 1857 more

125 1889 334 1939 poetarum
360 1885 410 1925 ad
448 1885 620 1924 alterum
656 1882 940 1925 substantimm
975 1887 1208 1926 translatum
1236 1884 1303 1925 est.
1322 1906 1390 1914 —

125 1955 175 1996 V.
201 1961 240 2002 5.
267 1951 308 1992 6.
335 1950 489 2006 profert
514 1951 650 1995 Suidas
676 1953 718 1992 in
748 1951 941 2002 ζηλώματα
974 1954 1025 1992 Τ.
1048 1955 1098 1994 Π.
1130 1967 1171 2006 Ρ.
1196 1961 1240 2003 7.
1272 1962 1314 1991 et
1343 1952 1389 1992 in

124 2027 299 2067 κνίσματι
328 2022 378 2061 T.
399 2020 447 2059 11.
462 2033 503 2071 p.
521 2028 628 2070 335.
676 2021 863 2073 Utroque
883 2021 970 2060 loco
990 2019 1173 2072 Kasterus
1196 2021 1390 2059 ποθούντων

124 2087 323 2129 exhibuit·
362 2089 415 2128 At
434 2087 477 2126 in
493 2086 568 2128 Ed.
587 2086 757 2130 Mediol.
780 2098 822 2127 et
839 2088 882 2127 in
902 2087 1067 2128 Anthol.
1084 2087 1176 2127 edd.
1200 2085 1388 2127 omnibus

121 2157 312 2195 κοθεύντων
340 2154 503 2208 legitur.
527 2176 594 2184 —
638 2160 770 2200 μύστην
802 2161 936 2201 λύχνον,
974 2155 1192 2195 noeturnae
1219 2151 1389 2195 Veneris

122 2221 407 2266 clandestinum
442 2220 596 2260 testem.
658 2222 722 2262 Sic
751 2220 942 2277 Meleager
974 2224 1043 2275 Ep.
1075 2221 1218 2262 CXIV.
1250 2227 1390 2270 λύχνον,

123 2295 229 2347 :tanga
246 2295 343 2340 φίλη,
370 2293 501 2334 uberum
524 2295 588 2329 σῦν
606 2289 692 2329 θέτο
711 2293 931 2335 παννυχίδων.
982 2289 1088 2331 Vide
1117 2289 1167 2330 ad
1196 2286 1387 2347 Meleagri

122 2358 196 2413 Ep.
219 2357 357 2399 LXXI.
376 2370 417 2410 p.
443 2359 519 2407 87.
