1598 2866
166 169 517 220 11.129.v.130.
578 175 1092 207 :intonarunt-tm.
1345 171 1440 218 347

159 289 462 346 x„naufragium
479 287 575 330 fecit
587 286 771 329 Reiskius.
805 289 1000 343 Loquitur
1019 293 1137 343 poe‘ta
1153 288 1204 331 de
1215 286 1442 341 Caphareo,

175 371 334 412 „quem
353 353 786 412 'praeternavigabanss
835 356 904 409 qui
943 357 1099 397 Italiam
1132 369 1156 396 e
1185 356 1300 411 Syria
1329 345 1441 409 pete}

176 426 324 472 „bank
375 421 482 471 Iusta
513 438 551 477 p.
590 423 693 463 161.
729 429 907 471 οὐλόμεναι
944 421 1057 469 νήεσσι
1093 422 1328 471 Καφηρίδες.“
1362 423 1438 464 ΒΥ.

174 494 298 550 Hunc
325 488 529 543 scopulum
562 487 733 531 Reiskius
769 502 878 531 certe
908 505 991 531 nou
1020 490 1244 547 ignorabat,
1279 503 1368 530 cum
1389 489 1439 530 ad

177 550 256 600 hoc
275 572 435 600 carmen
459 557 671 606 dubitaret,
697 558 805 610 quod
826 553 959 598 saxum
981 558 1168 598 Euboeae
1189 561 1305 610 poeta
1326 556 1442 611 figni-

177 625 298 668 ficare
317 626 498 666 voluerit.
535 625 619 675 Qui
632 625 785 665 Italiam
797 638 821 665 e
842 626 955 679 Syria
966 624 1169 678 petebant,
1183 623 1440 676 Caphareum

177 694 499 747 promontorium
525 692 922 747 praeternavigabant
949 692 1112 745 quidem
1128 721 1139 742 ,
1179 688 1248 731 sed
1279 691 1441 746 ingenti

178 761 411 810 intervallo,
456 761 511 799 ita
542 770 585 798 ut
623 761 778 812 po‘e'tam
807 758 927 811 hujus
958 759 1201 812 potiffimum
1237 759 1295 798 rei
1327 755 1441 798 causa

177 830 418 879 Neptunum
446 824 638 867 invocasse
660 826 723 867 vix
744 826 994 866 crediderim.
1040 826 1358 867 Commemoraii
1385 822 1442 865 so·

179 895 272 935 lent
285 896 329 935 in
359 894 526 934 deorum
545 893 861 934 invocationibus
890 895 985 944 loca,
1018 893 1089 934 ubi
1111 895 1284 934 maxime
1304 893 1441 932 colun·

179 972 246 1002 tur
266 972 309 1003 et
333 961 514 1002 habitare
540 972 744 1013 putantur.
788 963 883 1015 ·Jam
902 961 1076 1015 Neptuni
1104 962 1215 1016 regia
1242 960 1343 1000 circa
1363 962 1441 1001 Eu-

178 1029 324 1070 boeam
341 1028 433 1070 fuit.
490 1028 608 1081 Apud
631 1028 786 1069 Homer.
819 1028 863 1067 ΙΙ,
882 1046 909 1066 ν.
933 1039 1008 1069 20.
1055 1031 1281 1081 Neptunus,
1309 1029 1442 1069 Samo·

171 1096 330 1138 ¹thracia
355 1096 509 1143 reheb,
547 1103 620 1143 τρὶς
645 1100 706 1141 μὶν
733 1081 869 1142 οςρέξατ)
895 1093 964 1133 ἰών·
1010 1101 1051 1133 τὸ
1082 1100 1117 1133 δὶ
1152 1103 1319 1142 τέτρατον
1349 1094 1442 1133 {nevo

178 1171 324 1215 τέκμωρ,
345 1168 457 1210 Αἰγάς
473 1171 481 1180 “
511 1159 594 1202 ἔνθα
611 1167 647 1200 δέ
662 1167 692 1201 οἱ
712 1168 822 1200 κλυτὲ
844 1159 988 1207 δείματι
1009 1165 1145 1210 βένθεσι
1166 1169 1287 1208 λίμνης
1307 1168 1439 1208 Χρύσην

178 1238 416 1280 μαρμαίροντα
430 1236 655 1276 τετεύχαται.
699 1227 817 1271 Conf.
840 1228 1019 1270 Strabon.
1038 1232 1082 1272 L.
1098 1231 1236 1283 VII-p.
1253 1237 1277 1279 5
1287 1238 1362 1278 92.
1373 1249 1440 1257 —

177 1299 294 1340 Hanc
313 1297 478 1338 domum*
495 1297 539 1336 in
565 1295 693 1336 fundo
714 1297 832 1336 maris
855 1295 1073 1350 fignificare
1094 1297 1251 1339 videtur
1277 1295 1441 1350 Alpheus

176 1364 308 1406 verbis
336 1368 534 1412 ἄμφικςεμῆ
557 1371 739 1411 σκόπελον,
770 1377 911 1416 rupem
946 1364 1128 1405 fluetibus
1160 1361 1340 1412 exesam,
1371 1377 1442 1403 an-

176 1442 308 1482 trum,
338 1430 519 1484 undique
552 1428 651 1470 saxis
683 1429 1001 1484 dependentibus
1028 1432 1329 1472 circumdatum.
1394 1433 1442 1471 In

177 1498 280 1541 eod.
303 1500 393 1541 Vat.
422 1504 586 1547 Εὐβοίβης
616 1499 777 1552 legitur.
800 1520 865 1528 —
898 1498 946 1537 V.
974 1509 1014 1550 3.
1050 1499 1180 1539 Simili
1207 1496 1328 1538 modo
1355 1510 1443 1549 pre-

175 1577 288 1607 catur
307 1565 543 1610 Philodemus
572 1568 642 1617 Ep.
664 1567 809 1609 xxiv.
834 1576 875 1618 7.
903 1570 944 1613 8.

258 1665 368 1707 VII.
399 1666 500 1708 cod.
529 1668 620 1709 Vat.
651 1681 689 1720 p.
721 1675 831 1720 447.
883 1665 1050 1708 Planud.
1071 1679 1110 1718 p.
1139 1669 1179 1713 8.
1202 1667 1257 1706 St.
1286 1674 1357 1716 15.
1376 1666 1444 1706 W.

175 1731 413 1785 Expressum
436 1733 488 1773 est
517 1747 676 1775 carmen
704 1747 753 1774 ex
774 1735 908 1790 Epigr.
933 1733 1061 1774 Alcaei
1077 1731 1189 1785 Meffi
1209 1736 1320 1775 xm.
1372 1736 1446 1774 Ru·

178 1813 392 1841 manorum
423 1814 532 1841 arma
560 1812 705 1841 terram
728 1813 770 1842 et
791 1814 901 1842 mare
930 1798 1176 1856 subegerunt
1192 1815 1204 1848 ;
1240 1801 1342 1841 nihil
1362 1801 1445 1853 jam

178 1864 354 1920 superest
372 1879 529 1921 praeter
549 1869 720 1909 coelum.
757 1868 896 1917 Quare
915 1870 1057 1923 Jovem
1080 1872 1195 1921 poeta
1217 1879 1362 1915 monet,
1397 1879 1444 1908 ut

177 1945 310 1989 portas
335 1935 502 1989 Olympi
525 1936 695 1981 claudat.
738 1938 799 1978 Ex
819 1935 1019 1989 postremis
1041 1935 1170 1976 verbis
1198 1940 1331 1983 οὐρανίη
1351 1932 1443 1982 οἶμος

178 1999 231 2042 ἔτ’
249 1998 323 2042 ἔστ’
339 1998 489 2052 ἄβατος,
528 2002 743 2057 Opsbpoeur
767 2005 903 2055 inepte
927 1999 1160 2055 suspicatur,
1188 2001 1266 2042 hoc
1283 2015 1444 2042 carmen

176 2069 222 2111 in
252 2071 522 2110 Rom-anorum
551 2072 836 2111 contumeliam
864 2068 1052 2123 scriptum
1090 2067 1169 2110 effe
1179 2083 1192 2118 ;
1235 2068 1445 2125 significari

179 2137 303 2187 enim,
332 2139 529 2178 Romanos
552 2139 663 2179 coelo
683 2139 872 2194 indignos
891 2135 985 2180 effe.
1012 2159 1079 2168 -—·
1118 2136 1172 2179 V.
1189 2148 1234 2190 4.
1263 2143 1397 2185 οὐρανίη
1416 2135 1444 2175 δ’

179 2208 280 2251 ὁμῶς.
304 2203 407 2246 cod.
429 2205 516 2246 Vat.
551 2208 600 2245 In
623 2219 748 2261 marg.
770 2223 827 2255 γρ.
847 2202 952 2253 οἶμος.

178 2343 179 2346 ,
278 2310 320 2350 Ἡ·
349 2302 473 2362 130.]
514 2307 628 2349 VIII.
662 2308 763 2350 cod.
783 2310 873 2349 Vat.
893 2322 932 2362 p.
950 2315 1010 2358 37
1018 2317 1059 2360 3.
1081 2308 1195 2358 cujus
1214 2305 1446 2346 austeritate

179 2372 319 2427 Alpheo
334 2374 568 2426 Mitylenaeo
593 2375 805 2428 tribuitur,
835 2377 878 2416 in
897 2375 1066 2417 Planud.
1091 2375 1202 2414 enim
1225 2386 1260 2423 p.
1288 2382 1363 2423 99.
1386 2373 1444 2412 St.

185 2441 293 2490 146.
314 2442 378 2481 W.
417 2444 631 2497 Antipatro
659 2440 965 2495 Theffalonicenfi
991 2438 1222 2492 inscriptum
1254 2439 1319 2480 est.
1368 2441 1447 2479 He-

181 2519 311 2558 roum,
339 2509 518 2561 Trojano
539 2509 646 2551 bello
665 2510 891 2562 illustrium,
912 2509 1054 2563 patrias
1074 2506 1161 2547 fere
1180 2503 1332 2547 eversas
1355 2503 1448 2547 effe.

151 2573 447 2630 ‚Mycenarum
479 2577 645 2633 quidem
673 2590 749 2620 nec
782 2579 918 2619 ruinas
951 2571 1138 2628 conspici.
1197 2571 1370 2626 Eustath.
1398 2572 1448 2614 ad
