1598 2866
13 173 27 180 ⁸
73 191 233 240 1186.
479 191 984 228 nexenAMMArA.
1254 190 1352 235 223

1 328 3 330 ’
79 326 159 358 νον.
193 311 294 356 Haec
309 306 360 364 est
375 313 533 352 venturi
542 312 670 364 prima
681 307 829 361 favilla
850 306 952 347 mali.
980 305 1157 359 Propert.
1175 308 1220 350 L.
1244 308 1276 348 1.
1289 308 1355 351 IX.

102 392 177 435 17.
213 379 333 423 conf.
362 382 433 434 Ep.
461 380 547 420 XV.
577 396 645 406 —·
687 370 742 415 V.
768 385 805 426 3.
838 381 874 414 ἐκ
894 381 997 418 τινος.
1038 387 1088 414 ex
1119 389 1196 426 qua
1222 372 1350 416 causa.

93 451 220 493 Plane
253 445 333 487 huc
354 445 447 487 facit
466 445 573 486 idem
596 445 769 498 Proper-t.
794 445 841 484 11,
871 443 931 483 El.
953 444 984 481 Ι.
1006 449 1082 489 75.
1109 453 1172 481 nec
1192 442 1358 495 causam,

93 529 158 559 nec
184 526 330 568 apertos
350 516 533 554 cernimus
562 513 676 564 ic‘tus,
719 510 823 551 Unde
847 522 971 551 tamen
991 511 1145 549 veniant
1163 522 1226 550 tot
1247 509 1361 560 mala,

95 596 199 625 caeca
214 584 280 622 via
305 580 368 634 est.

198 684 305 725 XIV.
339 682 439 725 Cod.
461 684 552 726 Vat.
573 697 614 736 p.
632 690 738 733 513.
762 680 872 721 unde
891 678 1149 720 emendatum
1170 689 1212 720 et
1231 680 1362 722 aufi’tm

101 754 138 796 ri
171 747 239 792 suo
268 751 510 792 vindicatum
542 749 667 790 edidit
697 746 876 789 Dorvilte
906 747 956 787 ad
986 747 1139 788 Charit.
1173 761 1211 800 p.
1247 757 1358 799 529.

98 823 207 863 Nam
228 816 271 859 in
291 818 403 859 Plan.
422 832 460 872 p.
490 828 507 857 1
522 823 590 864 80.
613 816 672 860 St.
697 819 808 867 2⁶4·
829 816 893 855 W.
921 819 1108 854 ἄδέσποτον
1136 814 1193 855 est
1213 826 1254 855 et
1273 829 1362 855 mu-

104 887 238 929 tilum.
284 888 333 926 ln
362 885 459 926 edit.
477 897 535 939 pr.
558 885 675 938 plane
693 881 949 924 defideratur.
983 879 1244 935 insequentes
1265 882 1361 925 edd.

101 954 204 997 illud
231 966 282 993 ex
306 944 556 994 Leaionibus
583 951 748 992 aldinae
772 965 831 1003 pr·
849 951 1182 1003 ²receperunt.—*
1226 950 1363 1002 Poeta,
1387 989 1390 992 ,

102 1020 187 1076 jam
215 1020 348 1060 medio
370 1021 474 1060 vitae
503 1017 593 1059 suae
613 1015 734 1072 spatio
754 1018 925 1072 peraeto,
956 1013 995 1056 se
1016 1018 1140 1056 amori
1168 1016 1296 1057 adhuc
1317 1027 1362 1058 et

103 1088 373 1139 voluptatibus
409 1086 622 1142 indulgere
648 1085 807 1127 fatetur.
835 1105 902 1115 --
955 1086 1002 1124 V·
1034 1094 1074 1123 2.
1105 1091 1240 1132 βρότον.
1266 1086 1361 1126 Vat.

104 1156 209 1199 Cod.
267 1154 452 1195 Notanda
480 1155 626 1194 locutio
646 1161 764 1202 βιότου
791 1159 932 1204 σελίδες,
962 1153 1064 1191 vitae
1089 1156 1255 1207 pagina,
1286 1166 1361 1205 pro

56 1270 63 1275 ι
105 1221 210 1264 vitae
242 1216 404 1262 summa.
455 1221 582 1262 Dusta
609 1221 767 1263 videtur
801 1219 1036 1273 metaphora
1068 1233 1090 1259 a
1119 1219 1288 1268 tabella,
1316 1220 1363 1260 in

105 1304 227 1343 quam
260 1289 430 1329 rationes
457 1287 700 1330 referuntur.
731 1309 797 1318 —-
844 1291 894 1328 V.
918 1297 956 1339 3.
987 1287 1134 1326 Similis
1165 1287 1273 1326 color
1302 1301 1366 1341 ap.

111 1355 252 1398 Tibull.
272 1358 316 1396 L.
334 1356 364 1396 1.
384 1357 445 1399 El.
462 1361 490 1398 1.
513 1365 591 1406 71.
613 1356 709 1410 Jam
720 1355 902 1407 subrepet
925 1358 1024 1394 iners
1043 1364 1156 1404 aetas,
1176 1366 1240 1393 nec
1260 1368 1366 1394 ama·

106 1437 150 1464 u
165 1421 328 1474 decebit,
369 1424 510 1463 Dicere
540 1436 603 1463 nec
629 1436 719 1463 cano
748 1423 954 1463 blandnias
982 1424 1112 1474 capite.
1133 1441 1199 1449 —
1242 1423 1366 1463 Hune

18 1507 21 1509 ·
102 1484 201 1531 vers.
224 1491 373 1531 omittit
399 1491 565 1535 Planud.
585 1513 648 1521 —-
682 1493 733 1535 V.
754 1503 797 1539 4.
833 1499 984 1534 σννετῆς.
1028 1489 1132 1529 Hinc
1149 1487 1368 1542 Apollonid.

103 1559 178 1611 Ep.
198 1559 232 1598 Ῑ.
265 1557 343 1596 ἀλλ’
369 1554 429 1604 ἄγ’
455 1562 596 1606 ἐπείγου
621 1556 662 1597 ‘H
681 1567 799 1603 συνετὴ
819 1564 993 1605 κροτάφων
1017 1555 1167 1595 ἅπτεταί
1186 1563 1369 1603 ἡμετέρων,

105 1622 198 1666 Sera
217 1624 481 1678 etfizpientior
500 1639 601 1666 aetas
630 1639 689 1679 ap.
712 1625 824 1666 Ovid.
850 1627 880 1666 1.
905 1629 954 1666 A.
968 1622 1025 1679 A·
1053 1625 1131 1673 65.
1156 1642 1223 1653 -·--
1256 1625 1303 1663 V.
1326 1633 1367 1674 ς.

101 1700 302 1742 μέλλοντα.
330 1692 506 1734 Aldinae
535 1694 626 1734 edd.
646 1713 712 1722 -
751 1695 850 1735 Mox
876 1703 1030 1733 veteres
1052 1691 1246 1744 quaedam
1270 1688 1367 1733 edd.

109 1763 298 1809 ἃπλείστῳ.
327 1782 391 1790 --
442 1760 491 1802 V.
522 1769 564 1810 7.
602 1765 640 1807 8.
673 1758 947 1801 desiderantur
979 1760 1024 1799 in
1057 1758 1222 1799 Planud.
1259 1763 1366 1797 αὐτα)

108 1824 323 1878 suspicatur
351 1826 424 1868 Br.
449 1828 491 1868 in
514 1828 633 1868 Lestt.
649 1841 688 1879 p.
714 1838 734 1878 3
750 1839 766 1869 1
781 1831 820 1874 8.
877 1832 1035 1875 κορωνίδα
1057 1832 1202 1875 γράφειν
1230 1826 1368 1865 dicun-

104 1901 178 1934 'tur
195 1892 357 1947 scribae,
386 1908 476 1934 cum
501 1895 647 1935 librum
667 1895 716 1935 ad
741 1893 864 1935 finem
885 1894 1186 1948 perduxerunt;
1219 1891 1276 1933 est
1293 1893 1369 1947 igi·

109 1972 178 2002 tur
211 1961 336 2003 finem
371 1963 592 2015 imponere.
656 1965 782 2016 Optat
816 1961 1095 2010 Philodemus,
1129 1971 1177 2001 nt
1211 1957 1370 2009 Musae,

111 2022 183 2070 sub
206 2042 374 2083 quarum
409 2031 535 2070 tutela
558 2031 678 2070 vitam
708 2031 805 2085 agit,
833 2029 1081 2082 Xanthippes
1098 2041 1277 2068 amorem
1297 2025 1371 2073 fibi

110 2096 306 2138 coronidis
337 2095 423 2137 loco
447 2094 638 2147 scribant,
670 2099 712 2137 in
732 2110 864 2150 eoque
889 2086 1016 2150 ipsum
1045 2093 1293 2136 desinentem
1315 2093 1374 2145 fas

114 2164 233 2207 ciant.
287 2166 351 2205 De
369 2165 570 2205 locutione
591 2170 750 2211 κορωνίδα
768 2170 912 2212 ’γράφειν
933 2162 1009 2204 five
1028 2164 1219 2202 ἐπιτιθέναι
1243 2162 1374 2214 dispu-

118 2232 216 2271 tavit
244 2229 427 2271 Scbwarz
455 2231 507 2272 de
542 2234 706 2274 Ornam.
735 2231 888 2272 Libror.
907 2231 1040 2284 p.76.
1072 2227 1124 2282 sq.
1146 2252 1206 2259 --
1241 2229 1374 2268 Μοῦσαι

117 2301 213 2339 ton.
233 2315 311 2344 unu.
361 2298 536 2351 Propert.
558 2301 600 2339 L.
617 2302 646 2339 Ι.
675 2300 733 2341 ΕΙ.
758 2301 823 2340 ΙΧ.
848 2308 922 2346 41.
951 2298 1050 2337 Sunt
1079 2300 1205 2352 igitur
1223 2293 1378 2346 suusne,

120 2375 235 2418 neque
263 2369 410 2406 amanti
434 2365 570 2405 tardus
591 2365 750 2420 Apollo:
777 2364 897 2421 Qeis
916 2379 979 2421 ego
990 2365 1130 2417 fretus
1150 2378 1245 2405 amo·
1365 2361 1367 2364 ’

214 2466 303 2510 XV.
334 2468 434 2510 Cod.
456 2469 546 2512 Vat.
563 2482 600 2521 P.
620 2478 722 2515 105.
759 2469 921 2509 l'lanud.
941 2483 978 2521 p.
1000 2466 1176 2519 468.St.
1191 2465 1299 2510 608.
1313 2463 1382 2504 W.

119 2535 169 2576 ln
201 2533 415 2588 Lyfidicen,
445 2537 622 2586 puellam
663 2546 802 2576 tenera
842 2547 973 2576 aetate
1010 2534 1159 2579 adhuc,
1204 2529 1270 2570 sed
1297 2532 1380 2581 jam

121 2601 307 2646 omnibus
335 2599 614 2657 splendentem
642 2603 863 2643 veneribus.
881 2623 949 2634 --
987 2603 1039 2642 V.
1067 2611 1103 2639 1.
1129 2605 1271 2641 κάλυκες
1289 2595 1382 2642 sunt
