1598 2866
72 194 213 243 n.90.
276 197 282 203 ’
352 192 354 194 “
445 155 950 228 nuenarianam»
1245 191 1341 238 237

27 297 30 300 ⁴
78 315 258 359 mutavit.
285 311 470 354 Nostrum
491 310 602 352 dedit
621 308 933 350 Dorvillius.—
986 312 1062 351 Pro
1081 316 1124 349 σύ
1141 325 1183 349 τε
1204 323 1342 366 apogr.

77 380 180 436 Lips.
199 388 242 422 σὺ
263 386 311 422 δέ.
335 401 399 409 —
444 381 492 421 V·
521 389 560 429 3.
586 379 767 423 Νηρηέδων.
805 377 906 418 Cnd.
930 378 1020 417 Vat.
1053 378 1095 417 in
1127 391 1206 430 quo
1228 391 1343 419 voca·

79 451 276 492 buloaut
311 445 510 504 synizefin
553 445 842 485 admittendam
875 454 943 484 aut
975 442 1135 494 Νηρῄδων
1175 442 1347 486 scriben-

79 518 178 558 dum
198 514 391 556 existimat
415 513 591 555 Dorvill.
616 536 678 542 -—
722 516 769 556 V.
798 522 838 561 ς.
869 518 1004 560 <pegam
1025 512 1158 554 Dorv.
1178 534 1240 542 --
1279 524 1348 561 φυ·

79 592 207 634 νᾶντα.
241 580 580 635 proficiscentem;
616 580 717 621 nihil
745 579 931 632 amplius.
952 600 1018 610 —·-
1064 580 1114 622 V·
1142 579 1185 619 6.
1219 589 1349 629 γλυκῦν

84 663 328 751 §.Rhaga
357 696 444 734 Vat.
477 693 579 734 Cod.
632 694 679 733 In
715 705 840 745 marg.
876 704 937 744 ap.
966 687 1065 745 Lips.
1094 708 1152 740 γε.
1180 690 1351 741 γλαυκήν.

84 768 169 814 <aaa
189 770 242 802 ἐπὶ
259 767 440 812 γλυκεςάν.
463 759 637 801 Dorvill·
651 771 692 800 et
710 757 836 800 Reisk.

190 882 337 923 XXVI.
379 881 480 924 Cod.
511 881 601 920 Vat.
632 893 672 933 p.
707 888 815 932 549.
848 878 1063 920 Philodemo
1088 878 1166 920 hoe
1193 894 1352 933 carmen

90 950 276 992 vindicat.
320 952 370 989 In
391 949 500 990 Plan.
521 959 558 999 p.
579 957 596 986 1
613 956 683 996 32.
703 949 760 988 St.
796 958 810 986 1
824 956 899 997 91.
919 949 985 987 W.
1002 943 1124 992 ἄδηλον
1149 946 1216 989 est.
1251 950 1353 990 Scri-

92 1030 210 1072 ptum
238 1019 281 1057 in
307 1015 543 1071 astrologum
571 1014 755 1064 mollem,
788 1014 972 1067 ineptum
996 1026 1038 1054 et
1068 1012 1264 1069 gulosum.
1282 1038 1350 1047 —-

94 1087 152 1126 V..
172 1094 213 1133 5.
233 1082 425 1131 »ἅχω-είς.
456 1085 541 1124 Hoc
568 1083 744 1135 pertinet
766 1081 816 1122 ad
845 1082 1026 1133 arietem,
1065 1082 1174 1135 quod
1202 1083 1352 1124 animal

93 1174 122 1197 „
130 1152 312 1192 stolidum
331 1150 387 1191 est
405 1161 445 1190 et
464 1147 575 1190 salax.
610 1157 762 1196 μαλακὸς
781 1149 831 1190 ad
849 1150 1054 1199 Geminos,
1074 1163 1243 1202 quorum
1262 1165 1356 1192 con-

92 1220 277 1273 „junffio
299 1215 505 1258 masculam
528 1219 728 1258 Venerem
761 1228 888 1257 notat.
940 1216 1118 1266 ὀψοφάγος
1143 1217 1192 1258 ad
1217 1215 1355 1272 pisces,

95 1288 200 1341 „qui
238 1299 393 1327 voraces
423 1297 465 1325 et
501 1283 570 1338 ipfi
605 1286 762 1337 propt-ie
796 1280 867 1330 ὄψα
895 1290 1135 1327 vocantur.“
1191 1286 1357 1328 Huetius

94 1369 138 1410 p.
166 1364 239 1405 ¹4·
260 1375 325 1384 —
363 1354 412 1395 V.
435 1354 477 1392 6.
505 1360 666 1400 μαλακῶς
685 1357 774 1395 ἐστὶ.
795 1349 928 1393 vitiose
944 1354 1032 1394 Vat.
1051 1351 1154 1393 Cod-

195 1461 365 1501 XXVII.
400 1460 500 1502 cod.
517 1463 604 1501 Vat.
615 1473 652 1512 p.
670 1471 687 1500 1
702 1461 771 1508 86.
781 1458 983 1513 Φιλοδήμου,
1005 1465 1038 1499 οἱ
1057 1466 1092 1500 33
1107 1461 1360 1511 ’Ayytwroefa'ov-

95 1529 180 1572 Soli
198 1527 411 1569 Philodemo
432 1527 621 1568 tribuitur
649 1529 691 1568 in
719 1528 920 1569 veteribus
947 1528 1110 1570 Planud.
1139 1528 1232 1572 edd.
1254 1539 1294 1569 et
1312 1530 1358 1570 in

97 1596 236 1649 Steph.
258 1609 293 1647 p·
318 1606 427 1651 412.
475 1597 524 1636 ln
542 1596 724 1636 Wechel.
752 1606 885 1636 autern
914 1610 954 1649 p.
977 1605 998 1641 5
1007 1604 1083 1649 47.
1104 1596 1271 1636 auetoris
1289 1587 1359 1638 ηοξ

98 1676 192 1706 men
211 1660 393 1704 omiffum
414 1662 483 1704 est.
529 1663 739 1715 chamus,
763 1664 902 1718 Lycini
917 1661 986 1715 fil„
1014 1664 1173 1704 viatoria
1192 1664 1235 1703 in
1255 1664 1360 1705 ludis

98 1730 292 1772 Isthmicis
318 1741 453 1782 parta,
484 1731 674 1784 Neptuno
699 1730 836 1780 frena,
870 1730 1063 1784 phaleras,
1090 1742 1132 1771 et
1163 1744 1267 1784 quae
1285 1732 1360 1772 alia

103 1796 152 1838 ad
173 1811 368 1850 equorum
394 1795 506 1838 usum
533 1800 751 1850 pertinent,
784 1798 952 1839 dedicat·
971 1818 1037 1826 —
1079 1798 1128 1837 V.
1156 1808 1195 1838 1.
1218 1808 1259 1838 2.
1279 1799 1362 1839 lau-

104 1866 172 1906 dat
197 1864 334 1906 Suidas
353 1866 395 1906 in
417 1873 523 1914 κημὸς
548 1869 595 1906 Τ.
620 1868 668 1906 ΙΙ.
689 1879 726 1918 p.
752 1870 858 1917 308.
878 1863 1032 1906 versum
1052 1862 1270 1906 secundum
1291 1867 1363 1907 ite·

103 1947 193 1974 rum
225 1933 268 1973 in
300 1941 455 1981 στέρνοις
486 1935 537 1974 T.
558 1935 626 1974 ΠΙ.
657 1946 696 1985 p.
727 1943 831 1984 372.
890 1931 1122 1982 Φιλοὲῥῶθωνα
1143 1940 1245 1982 κημὸν
1268 1933 1365 1975 hinc

101 1999 256 2055 profert
285 1999 459 2052 Heinfi’us
487 2002 536 2041 ad
569 1998 737 2056 Hesych·
768 2002 810 2041 in
831 1999 983 2050 ῥόθωνες,
1018 2010 1197 2049 μυκτῆρες.
1253 2001 1365 2052 Quid

102 2066 151 2107 {it
174 2074 288 2117 κημὸς,
319 2065 464 2107 diserte
480 2069 630 2109 ,docuit
658 2067 833 2121 Eustath.
865 2069 914 2109 ad
939 2068 1013 2110 Od-
1038 2086 1074 2107 ω.
1102 2083 1143 2122 p.
1162 2073 1266 2119 833·
1287 2078 1367 2110 21.

105 2135 466 2190 circumligabatur
496 2149 694 2189 equorum
721 2137 967 2189 aliarumque
990 2135 1201 2175 bestiarum
1221 2137 1294 2184 ori,
1315 2148 1368 2176 ne

104 2202 355 2253 morderent3
383 2216 674 2256 nonnunquam
696 2205 816 2244 etiam
839 2202 1021 2244 homines
1050 2202 1120 2242 fibi
1144 2211 1267 2251 κημοῦς
1289 2203 1372 2244 alli-

109 2270 280 2325 gabant,
315 2270 474 2323 quando
497 2284 595 2323 opus
620 2269 848 2311 faciendum
870 2282 955 2310 erat
976 2268 1126 2310 summa
1146 2285 1235 2310 cum
1256 2284 1371 2310 mun-

110 2337 222 2377 ditie.
268 2337 388 2379 conf.
426 2337 629 2391 Xenophon
655 2338 707 2379 de
741 2340 796 2380 Re
821 2341 924 2391 Equ.
950 2339 999 2378 V.
1030 2347 1070 2386 3.
1106 2352 1143 2391 p.
1171 2337 1272 2378 116.
1307 2336 1370 2377 ed.

112 2404 229 2444 Zeun.
252 2415 294 2445 et
311 2404 635 2457 Schol.Ar1stopb.
658 2408 757 2458 Equ.
779 2415 794 2444 1
812 2415 917 2458 147.
952 2407 1037 2446 Hoc
1052 2404 1373 2456 instrumentum,

113 2471 221 2523 quod
253 2473 383 2512 Latini
406 2471 609 2526 captstrum
639 2483 791 2519 vocant,
827 2473 919 2524 quia
950 2485 1064 2511 nares
1085 2472 1223 2520 ambit,
1256 2474 1372 2519 φιλοβ-

111 2535 222 2585 ῥῶθων
241 2539 473 2592 appellatur.
494 2561 558 2569 —-
599 2541 647 2581 V.
674 2550 714 2581 2.
738 2540 967 2586 ἆόοντοφύςον.
990 2535 1116 2579 Fuiffe
1137 2536 1294 2578 videtur
1316 2539 1373 2578 lo·

112 2617 216 2656 rum,
249 2605 437 2648 dentibus
458 2604 681 2646 distinctum
696 2639 708 2660 ,
735 2607 895 2661 peitora
913 2606 1008 2657 equi
1031 2605 1221 2654 ambiens,
1255 2605 1375 2659 quale
