1598 2866
155 227 219 281 76
424 236 811 268 Anz-‚pr-rtu
873 237 1135 268 sxnonn
1268 230 1433 284 ¹¹¹2?ss-

157 349 387 392 meibomius
405 347 554 399 recepit
575 361 625 388 ex
647 348 807 389 emend.
822 349 872 388 H.
892 348 1083 401 Stephani.
1119 351 1310 392 Hercules
1321 352 1428 404 apud

158 419 325 459 Senecam
355 416 398 456 in
429 418 544 457 Herc-
579 417 671 456 Oet.
707 424 844 466 1941.
887 416 1021 457 Virtus
1048 418 1143 458 mihi
1172 420 1214 458 in
1255 416 1356 470 astra
1389 430 1430 458 et

158 485 259 539 ipsos
275 483 380 536 fecit
402 482 623 535 adsuperos
645 485 731 522 iter.
784 485 847 523 De
869 481 1044 536 superbis
1063 485 1201 525 Rhian.
1229 488 1257 525 1.
1287 495 1302 525 1
1316 493 1355 534 ς.
1388 486 1429 529 ιῖἑ

156 553 220 592 ’τιν’
239 557 427 598 ἀτραπιτὸν
446 557 669 598 τεκμαίρει-λι
691 555 911 597 οὐλυμπόνδε.
970 554 1099 604 μοῦνος,
1122 553 1228 606 quod
1248 567 1298 594 ex
1320 553 1425 592 Mei-

158 619 277 659 bomii
296 619 524 670 conjefimra
552 628 751 657 mutatum
775 617 849 666 est,
883 615 1043 658 fortasse
1066 617 1285 661 conservari
1306 619 1429 660 debe-

158 686 241 728 bat.
285 689 421 728 Metro
447 700 529 725 non
555 685 782 724 timendum
809 672 895 738 pest
918 695 976 724 tot
999 688 1181 738 exempla
1194 686 1326 728 brevis
1347 683 1427 743 syl-

157 753 273 794 labae
290 754 332 793 in
354 750 511 793 caesura
537 753 762 806 produo'stae.

260 839 464 881 LXXXII.
506 840 608 882 cod.
635 841 726 882 Vat.
752 855 789 894 p.
813 841 922 892 269.
957 839 1033 880 hoc
1058 841 1195 896 Epigr
1216 842 1426 896 Antipatro

164 906 471 961 Thqlsizlonicenst'
486 907 636 947 tribuit·
686 909 733 947 In
764 908 931 948 Planud
960 922 997 959 p.
1023 918 1076 946 2
1058 920 1128 959 4.
1149 909 1205 948 St.
1215 917 1335 960 3.39
1357 912 1426 950 W.

160 976 315 1032 gentile
337 989 417 1014 non
441 974 611 1021 additur.
645 960 842 1027 Scriptum
861 975 942 1015 est
934 990 974 1014 m
996 975 1290 1028 Hipparchiam,
1320 990 1425 1030 quae

164 1043 325 1095 abjectis
352 1041 614 1082 muliebribus
632 1043 806 1092 artibus,
842 1044 904 1097 C)
909 1044 1035 1082 nicam
1058 1045 1175 1082 vitam
1193 1040 1425 1087 sectabatur

159 1111 265 1150 Vide
291 1111 341 1149 de
368 1110 454 1162 ejus
474 1110 551 1149 vita
571 1109 734 1165 Diogen.
760 1112 892 1150 Lam.
913 1111 982 1151 VI.
1014 1115 1085 1160 87.
1117 1121 1159 1150 et
1179 1112 1255 1163 96.
1283 1122 1325 1151 et
1346 1111 1430 1153 Ma<

159 1181 313 1234 nogium
346 1177 396 1216 de
433 1177 534 1216 Mul.
567 1176 666 1229 phil.
699 1178 742 1217 in
776 1177 962 1230 Append·
989 1192 1026 1230 p.
1061 1186 1174 1229 497.
1204 1201 1271 1208 —-
1304 1179 1355 1220 V.
1385 1189 1427 1221 2.

159 1261 297 1337 ἕλόμέν.
319 1291 408 1329 Vat.
428 1289 528 1330 Cod-
551 1311 616 1319 —·
670 1289 720 1329 V.
750 1298 788 1338 3.
820 1286 1030 1337 περονῆτιδες
1058 1295 1133 1328 οὐδὲ
1155 1291 1375 1339 βαθύπετλος
1396 1306 1426 1329 ε.

156 1359 248 1399 Vat.
286 1357 386 1397 Cod.
417 1366 459 1396 et
490 1358 661 1408 optimus
690 1357 867 1396 Planud..
889 1357 990 1396 Cod.
1026 1371 1105 1409 quo
1138 1357 1208 1397 Br.
1242 1355 1332 1397 usus
1355 1356 1424 1398 est.

159 1425 295 1479 Vulgo
315 1430 352 1462 οὐ
383 1425 617 1471 βαθύπεπλος.
674 1423 794 1474 Quod
817 1423 1028 1477 epitheton
1060 1426 1144 1464 voci
1163 1430 1311 1472 εῠμκρὶς,
1346 1438 1426 1478 qua

159 1492 417 1532 calceamenti
458 1505 586 1545 genus
617 1489 857 1546 significatur
873 1521 883 1540 ,
939 1505 1030 1531 cum
1072 1492 1194 1532 tribui
1235 1501 1425 1545 nequeat,

161 1556 362 1610 Salmafi'us
384 1559 547 1612 corrigit
569 1563 800 1608 βαθύπελμος,
834 1558 956 1610 idque
990 1558 1154 1612 Toupius
1182 1574 1344 1613 quoque
1372 1560 1427 1600 vi-

160 1627 220 1673 dit
241 1626 291 1666 ad
308 1626 417 1666 Suid.
443 1639 482 1678 p.
504 1635 609 1676 339.
675 1631 826 1673 εὖμαςίς.
858 1623 942 1677 εἶδρς
973 1624 1202 1674 ὖποδιῖματος,
1232 1632 1288 1666 διὰ
1306 1635 1345 1666 τὸ
1368 1632 1426 1666 εὖ·

158 1702 286 1744 μαςῶς,
317 1699 338 1730 ὅ
364 1698 452 1732 ἐστιν
478 1699 619 1741 εὐχερῶς
643 1697 797 1743 βαδίζειν
823 1700 901 1737 τοὺς
921 1693 1188 1739 &chamaam
1227 1699 1426 1747 Εὐριπίδης

158 1767 346 1812 βαρβάροις
366 1765 400 1799 ἐν
420 1767 603 1808 εῠμκςίσιν.
623 1760 785 1811 Etymol.
799 1759 861 1804 M.
932 1761 1098 1815 Toupius
1115 1773 1323 1823 praeterea
1341 1762 1425 1802 lau-

160 1830 227 1869 dat
249 1828 392 1869 Polluc.
414 1830 479 1869 1x.
502 1838 544 1868 2.
581 1827 700 1871 Schol.
720 1827 893 1881 Apollon.
914 1827 986 1867 Rh.
1013 1830 1054 1868 L.
1081 1829 1130 1869 11.
1161 1839 1267 1870 102.
1300 1831 1424 1870 Locus

160 1895 358 1949 Euripidis
388 1894 444 1935 est
463 1896 505 1934 in
529 1893 654 1935 Orest.
682 1905 697 1934 1
714 1905 818 1947 370.
855 1895 925 1934 ubi
946 1895 1036 1937 vide
1056 1895 1257 1952 Musgrav.
1307 1904 1424 1942 πέλμοι

160 1964 282 2005 calcei
305 1962 359 2002 est
367 1962 497 2013 solea,-
530 1962 624 2002 hine
645 1963 795 2001 calceus
820 1969 1038 2014 μονόπελμος,
1057 1966 1125 2016 qui
1144 1963 1297 2015 nonnisi
1311 1976 1424 2003 unam

151 2030 295 2082 soleam
316 2029 447 2075 haben
477 2040 522 2069 ut
545 2043 604 2079 ap.
622 2029 807 2069 Phaniam
823 2032 893 2082 Ep.
921 2031 972 2070 ll.
1045 2035 1267 2078 βαθύπελμον
1284 2041 1422 2070 autem

162 2099 295 2141 auffor
324 2095 614 2137 emendationis
653 2097 703 2136 de
737 2097 850 2136 calceo
875 2097 1090 2147 alttsoleato
1123 2098 1424 2150 interpretatur,

161 2166 298 2219 quales
321 2165 593 2205 delicatiorum
615 2175 656 2204 et
677 2165 972 2219 elegantiarum
990 2164 1199 2204 hominum
1225 2177 1423 2207 erant.—

162 2234 275 2284 Quas
303 2236 420 2284 poffta
445 2231 482 2270 h·
505 2233 531 2271 l.
564 2237 760 2279 ἂμπεχῦνας
789 2237 1007 2279 περανάτιδας
1036 2243 1167 2282 vocat,
1203 2220 1278 2272 hab
1299 2231 1422 2273 vestet

162 2302 284 2341 etiam
317 2314 398 2340 uno
434 2298 624 2339 vocabulo
660 2304 936 2348 ἐμπερονατςίδες
971 2300 1224 2341 vocabantur.
1295 2299 1423 2341 Vestis

161 2369 320 2410 videtur
341 2366 457 2408 fuisse
475 2367 666 2414 interior,
695 2380 797 2420 quae
822 2365 952 2407 fibulis
983 2366 1309 2422 adstringebatur.
1349 2365 1422 2406 Ca-

150 2435 317 2487 fauhon.
332 2436 450 2475 Leelt.
469 2433 673 2490 Theocrit.
691 2449 726 2487 p.
745 2444 806 2484 27
816 2445 854 2476 2.
915 2439 1092 2481 ἀμπεχόνη
1112 2445 1246 2474 autem
1274 2434 1329 2477 est
1347 2448 1423 2475 vox

159 2505 309 2543 latioris
343 2500 657 2558 significationis,
693 2515 796 2554 quae
824 2502 943 2542 modo
977 2503 1120 2556 pallam
1153 2501 1332 2558 defignat
1361 2499 1424 2555 (ut

159 2578 202 2610 τὸ
224 2575 411 2618 &affixo-lov
433 2584 493 2622 ap.
519 2568 705 2611 Theocrit.
731 2569 816 2610 Eid.
838 2572 921 2611 XV.
942 2580 967 2608 2
982 2570 1039 2617 1.)
1064 2570 1183 2610 modo
1202 2570 1423 2623 quamlibet

159 2637 319 2694 vestem.
353 2640 414 2679 De
435 2635 537 2679 veste
555 2637 760 2687 interiore,
789 2637 924 2690 quales
941 2638 1084 2693 Cynici
1113 2652 1195 2679 non
1217 2636 1425 2694 gerebant,
