1598 2866
166 206 260 250 288
432 211 815 242 ΑΝτιΡΑ-τιυ
868 212 1178 245 rnzssAt.
1246 203 1436 255 v11.109.

168 326 349 366 omnium
373 324 762 383 praeclarissime—7
795 326 844 366 V.
859 333 900 366 2.
922 318 1124 368 Μαιώνίδκς.
1147 326 1434 368 Vat.Cod.—

165 395 214 434 V.
241 404 280 444 3.
311 400 351 430 τὸ
368 398 551 441 χάραγμα.
588 404 785 432 nummos.
834 391 939 431 Vide
967 392 1125 442 Salmas:
1157 394 1206 434 ad
1226 395 1307 435 Ser.
1329 393 1430 438 Histg

164 463 271 514 Aug.
293 462 341 499 T.
366 462 414 499 11.
434 474 471 512 p.
496 469 604 509 337.
636 471 677 498 et
700 467 752 507 51
768 462 886 504 8.-
935 464 1042 507 <placa
1073 462 1145 500 Pro
1168 461 1343 501 vocativo
1365 461 1433 500 ha'·

166 527 345 567 bendum
365 526 444 573 est3
480 527 531 566 de
556 541 635 580 quo
657 526 816 566 dicendi
836 521 908 564 usu
936 525 1026 566 vide
1052 522 1165 567 Koen.
1187 528 1236 568 ad
1257 530 1429 584 Greg'or.

163 609 203 646 p.
228 603 305 645 47.
359 591 528 634 Valcken.
548 595 596 634 ad
615 593 765 634 Phoen.
794 607 829 633 v.
858 602 992 644 1332.
1017 615 1082 622 —
1119 591 1198 634 οὔτε
1229 597 1374 643 θυρωρὸς
1393 600 1430 633 ἓν

163 668 274 703 ποσίν.
333 674 408 700 nec
439 662 588 713 janitor
623 659 696 700 tibi
735 660 1025 713 impedimento
1059 661 1145 700 erit.
1203 662 1315 702 Ovid.
1355 663 1429 703 111.

162 732 302 771 Amor.
331 730 440 770 Vm.
475 738 497 780 3
515 739 548 767 t.
581 725 662 781 sqq.
695 726 764 766 Με
788 725 962 780 prohibet
992 726 1130 779 custos:
1162 731 1204 767 in
1231 741 1286 768 me
1315 731 1428 769 timet

164 794 230 835 illa
254 797 448 836 maritum.
485 793 531 834 Si
555 795 730 843 dederim,
761 807 845 834 tota
876 794 973 834 cedet
993 807 1150 848 uterque
1172 795 1292 836 domo.
1346 799 1426 851 Ap.

162 863 341 916 Propert.
366 863 431 904 IV.
453 862 514 903 El.
533 865 581 907 V.
603 871 681 913 47.
713 862 806 901 lena
832 861 998 914 puellam
1026 860 1209 902 fraudem
1231 862 1427 916 dolosque

162 930 320 979 docens,
355 929 539 982 Janitor,
570 930 636 979 ait,
667 928 717 968 ad
739 929 866 967 dantes
893 929 1049 983 vigilet:
1079 927 1125 980 [ι’
1144 929 1272 983 pulfit
1301 932 1428 970 inanis

162 993 197 1050 (ὁ
222 1002 315 1035 οὐδὲν
335 995 477 1046 φέρων),
507 996 654 1036 Surdus
684 998 725 1035 in
754 994 948 1036 obduc‘tam
970 996 1139 1046 somniet
1157 1010 1272 1051 usque
1283 996 1427 1046 firam.

161 1079 228 1091 ··—
263 1063 329 1105 Ad
368 1062 542 1102 nostrum
573 1074 707 1102 autem
750 1064 880 1102 locum
908 1064 1089 1116 inprimis
1119 1062 1214 1104 facit
1249 1061 1427 1104 Tibullus

160 1133 207 1172 L,
229 1133 281 1172 Π.
302 1142 347 1184 4.
371 1139 446 1179 30.
514 1129 720 1182 Postquam
748 1140 890 1170 tenues
923 1129 1046 1172 vestes
1073 1129 1309 1184 lapidesque
1336 1139 1428 1183 pre·

159 1196 244 1238 tiofi
266 1199 309 1238 in
329 1196 482 1238 honore
500 1195 579 1238 effe
601 1208 841 1250 coeperunt,

782 1278 916 1319 clavem
932 1280 1059 1333 janua
1082 1278 1221 1333 finsz't,

355 1347 407 1386 Et
426 1348 544 1400 coepit
569 1345 687 1398 custos
706 1347 842 1400 januis
861 1344 924 1397 effi
947 1350 1060 1387 canis.

293 1410 364 1454 Sed
377 1418 544 1467 pretium
558 1412 604 1465 fi
613 1414 759 1468 grande
767 1415 894 1465 feras,
927 1413 1093 1465 custodia
1113 1416 1210 1454 vidia
1228 1413 1287 1466 est,

358 1482 439 1521 Nec
452 1479 653 1535 prohibent
675 1481 801 1531 claves,
834 1493 871 1519 et
893 1483 994 1520 canis
1013 1480 1091 1534 ipse
1113 1494 1223 1522 tacet.

154 1568 219 1607 De
244 1565 428 1614 canibus,
459 1577 558 1616 quos
588 1574 742 1604 veteres
764 1565 807 1604 in
830 1564 999 1614 ‘aedium
1027 1564 1240 1606 custodiam
1262 1564 1417 1606 nutrire

153 1630 356 1684 solebant,
393 1631 587 1672 nonnulla
614 1630 726 1671 dedit
757 1630 970 1682 casaubon.
999 1632 1049 1673 ad
1068 1632 1275 1685 Theophr.
1299 1631 1419 1672 Char.

154 1703 224 1741 IV.
246 1716 284 1753 p.
307 1709 382 1749 55.
414 1698 535 1739 nostri
561 1699 637 1738 loci
657 1713 739 1739 non
763 1699 1000 1751 immemor,
1039 1710 1083 1740 ut
1105 1714 1179 1740 nec
1211 1697 1418 1740 Gatacker.

152 1769 197 1808 in
229 1764 390 1809 Advers.
421 1763 526 1806 misc.
555 1764 684 1816 posth.
718 1770 790 1814 38.
820 1781 859 1818 p.
890 1770 997 1818 827.
1047 1772 1124 1819 Ap.
1158 1766 1350 1819 Artstoph.
1374 1767 1417 1807 in

153 1832 316 1875 Thesm.
340 1843 450 1887 414.
483 1834 624 1873 mulier
648 1835 930 1886 conqueritur,
964 1834 1072 1886 quod
1094 1835 1183 1885 viri,
1213 1834 1413 1887 Euripidis

151 1902 196 1943 in
214 1902 403 1943 mulieres
424 1901 609 1942 conviciis
638 1898 808 1952 incensi,

741 2004 783 2012 -
816 1988 893 2028 ταῖς
913 1991 1182 2033 γυναικωνίτισιν

350 2054 546 2100 σφραγῖδας
565 2055 791 2102 ἐμβάλλωσιν
813 2047 874 2096 ἤδη
894 2050 949 2095 καὶ
970 2059 1135 2098 μοχλοὺς,

348 2121 527 2166 τηροῦντες
553 2120 654 2170 ἡμᾶς,
692 2116 748 2162 καὶ
772 2126 906 2165 προςέτι
934 2126 1167 2163 Μολοττικοϋς

349 2194 524 2233 τρέφουσι,
549 2190 776 2233 μσςμολυκεῖκ
803 2190 872 2229 τοῖς
889 2190 1031 2237 μοιχοῖς,
1066 2193 1179 2229 κύνας.

126 2287 127 2291 ’
150 2270 200 2310 In
218 2269 429 2322 Antipatro
450 2268 580 2309 nostro
603 2269 675 2309 Br.
698 2281 769 2319 pro
791 2274 923 2315 δέδεται,
942 2270 1054 2309 malit
1074 2270 1182 2309 ὑλάει.
1223 2271 1311 2310 Hoc
1329 2270 1410 2322 pla-

150 2351 205 2377 ne
235 2337 468 2377 conveniret
494 2350 584 2376 cum
617 2337 704 2376 loco
731 2334 876 2376 Tibulli
885 2351 898 2376 .·
936 2357 975 2366 -·
998 2349 1034 2376 et
1063 2340 1162 2376 canis
1193 2335 1273 2390 ipse
1299 2346 1410 2376 tacet.

145 2407 233 2444 Nec
263 2414 399 2443 tamen
433 2401 646 2444 necefi‘aria
680 2404 923 2445 emendatio.
969 2410 1101 2448 δέδεταη
1139 2403 1307 2456 politum
1336 2416 1409 2456 pro

148 2477 236 2514 ἐστί.
273 2471 392 2522 Quod
410 2469 550 2511 ficanis
573 2469 744 2523 postibus
766 2472 948 2526 alligatus
970 2471 1035 2518 est,
1055 2470 1154 2510 nihil
1176 2482 1311 2512 tamen
1322 2485 1411 2524 pro·

146 2538 280 2589 hibet,
315 2539 530 2591 quominus
559 2537 784 2578 adulterum
815 2539 994 2579 latrando
1022 2538 1254 2593 abigat.—-·
1292 2542 1343 2580 V.
1368 2546 1409 2587 ς.

146 2606 282 2653 ἑτέρως.
316 2607 358 2645 Si
382 2604 465 2646 sme
487 2606 720 2646 muneribus
750 2607 922 2659 veneris,
956 2605 1085 2660 ipsum
1116 2607 1290 2659 reperies
1314 2607 1410 2646 Cet-

1253 2673 1408 2714 berum.
