1598 2866
209 171 309 213 266
688 179 978 210 Ancarius
1180 169 1469 220 styga-99.

204 292 370 347 Duplex
381 291 438 333 est
449 292 714 345 comparatio,
747 291 871 330 altera
888 290 1010 331 altera
1029 290 1205 344 gravior,
1226 303 1320 330 cum
1334 303 1464 343 equus

207 363 384 416 primum
413 373 520 409 aves,
550 359 698 399 deinde
727 359 848 398 etiam
881 369 1019 399 ventos
1059 358 1254 398 currendo
1290 370 1462 410 aequare

207 430 373 478 dicatur.
412 426 477 467 Sic
495 427 613 480 plane
635 421 784 476 Hefiod.
803 425 847 465 in
870 424 1027 479 Theog.
1049 424 1159 471 268.
1189 438 1310 477 quem
1329 425 1463 469 locum

206 494 323 549 supra
343 495 599 535 laudavimus.
622 513 690 522 —
721 494 771 533 V.
798 492 840 533 6.
864 497 1038 541 στεφάνων
1056 489 1167 541 ὕβριν.
1191 492 1338 547 Vulgo.
1383 493 1462 532 No-

204 562 329 606 strum
345 561 400 604 est
423 563 467 602 in
487 562 579 603 Vat.
605 559 861 600 membranis.

303 666 346 710 π.
369 659 466 718 99.]
500 662 642 703 XXVI.
682 664 730 703 In
753 662 860 703 Plan.
888 674 926 713 p.
957 671 1062 702 120.
1084 663 1141 704 St.
1169 669 1273 714 173.
1292 663 1359 702 W.
1387 660 1465 702 hoe

205 746 369 776 carmen
399 746 489 773 cum
517 731 594 770 alio
622 731 667 771 in
697 730 906 778 Medeam,
948 729 1056 782 quod
1082 729 1155 770 Br.
1189 729 1327 769 retulit
1355 727 1463 769 inter

194 804 284 855 Ep,
301 799 486 840 Leonidae
513 797 629 838 Alex.
658 811 725 838 nra
753 798 913 848 XXXI„
947 795 1110 836 Archiae
1127 792 1364 847 inscribitun
1395 792 1465 836 sed

204 865 316 909 falso·
359 869 409 908 In
435 868 525 906 Vat.
549 865 651 906 cod.
677 878 714 917 p.
736 874 845 915 414·
878 874 1095 917 utrumque
1121 862 1306 904 Leonidae
1333 860 1389 904 est
1417 862 1463 903 il-

206 935 307 983 lius,
338 945 380 975 et
410 932 574 988 quidem
601 937 785 982 ισὸψηῴον,
816 944 894 984 quo
926 927 1082 971 lusuum
1115 943 1267 986 genere
1297 930 1365 970 ille
1395 928 1464 970 ob·

208 1001 438 1042 leaabatur.
479 1002 599 1041 Error
625 999 722 1038 inde
741 1008 861 1046 ortus,
896 998 1002 1051 quod
1022 999 1062 1039 in
1078 997 1246 1040 Anthol.
1272 995 1466 1038 Constan-

204 1070 303 1121 tini,
334 1067 445 1109 unde
473 1066 668 1108 Planudes
691 1063 797 1105 suam
829 1064 1038 1118 excerpsit,
1070 1061 1233 1105 Archiae
1260 1064 1466 1119 Epigram-

205 1150 273 1178 ma
293 1132 370 1187 (nr.
387 1135 553 1184 xxm.)
581 1134 762 1186 proximo
783 1134 867 1172 loco
889 1132 1178 1185 praeeessit.—
1205 1131 1401 1183 Scriptum
1420 1131 1465 1171 in

205 1202 491 1254 hirundinem,
533 1214 637 1256 quae
666 1201 710 1240 in
744 1199 878 1240 tabula
907 1199 1081 1240 Medeae
1109 1200 1326 1254 imaginem
1355 1197 1463 1239 exhi·

202 1269 325 1311 beate
353 1270 494 1309 nidum
530 1267 813 1310 construxerat.
840 1289 906 1297 ——
957 1267 1006 1307 V.
1035 1277 1077 1309 2.
1109 1275 1266 1314 γραπτᾳς
1294 1279 1465 1313 novo-orgo-

205 1342 281 1387 φεῖς
299 1342 448 1379 πυκτίδι.
469 1339 557 1377 Vat.
578 1335 754 1376 Cod.——
789 1339 1050 1382 νεοσσοτρσφεῖς.
1071 1332 1162 1373 Ald.
1181 1346 1243 1386 pr.
1258 1353 1324 1361 --
1354 1330 1464 1371 Suid.

206 1412 357 1446 πνκτίον.
385 1412 426 1443 τὸ
445 1411 592 1453 βιβλίον.
626 1408 666 1441 va
685 1392 879 1443 mmmm.
914 1401 1025 1441 Idem
1037 1406 1170 1444 πυκτίς.
1189 1399 1335 1440 tabula.
1367 1396 1463 1451 JoJ:

208 1471 377 1528 Scaliger
405 1482 541 1512 tamen
564 1470 701 1510 mallet
733 1474 856 1517 πυξίδι.
876 1473 1011 1517 πυξίδα.
1031 1473 1194 1514 δίπτυχα,
1224 1465 1463 1517 Ι-Ῑε]]εβ.-’-·

205 1540 256 1582 V.
282 1551 319 1592 3.
342 1540 552 1593 sperasne,
583 1535 694 1587 fore,
724 1547 781 1588 ut,
816 1549 919 1589 quae
948 1549 1001 1576 ne
1024 1531 1098 1576 suis
1130 1533 1293 1587 quidem
1326 1533 1464 1573 liberio

202 1607 468 1661 pet-peremit,
513 1620 559 1646 ea
601 1605 678 1644 tuis
713 1604 830 1656 pullis
860 1602 1030 1656 praestet
1063 1599 1215 1642 fidem?
1241 1623 1306 1631 —
1349 1600 1464 1640 Idem

200 1685 512 1729 argumentum,
554 1669 623 1712 sed
665 1667 811 1712 diversa
839 1671 1006 1722 ratione,
1054 1669 1230 1711 traetavit
1267 1665 1464 1722 Philippus

200 1744 275 1794 Ep.
298 1743 399 1782 Lm.

298 1842 470 1883 XXVII.
511 1841 619 1883 Plan.
639 1856 679 1894 p.
705 1844 811 1892 308.
836 1841 892 1881 St.
924 1843 1034 1890 448.
1050 1838 1116 1878 W.
1147 1835 1287 1886 Ἀρχίου
1313 1849 1464 1877 nomen

203 1902 390 1953 emissum
408 1913 451 1950 in
471 1910 541 1950 Ed.
563 1907 668 1962 Jam'
689 1907 881 1958 Lafiaris,
911 1906 1063 1948 acceffit
1090 1906 1132 1945 in
1154 1904 1245 1946 Ald.
1266 1917 1324 1956 pr.
1353 1902 1463 1944 unde

204 1981 250 2021 in
272 1976 355 2032 sqq.
377 1977 468 2017 edd.
498 1977 692 2029 pervenit.
711 1995 773 2005 —
820 1976 1041 2014 Monentur
1071 1973 1156 2027 agri
1183 1971 1375 2012 Nemeaei
1405 1969 1465 2010 in-

206 2047 342 2096 colae,
376 2045 495 2085 leone
525 2041 734 2083 interserto
764 2054 817 2081 ne
848 2042 1014 2093 amplius
1038 2041 1218 2079 timeant.
1287 2039 1395 2078 Tum
1414 2036 1465 2077 ad

205 2110 424 2155 Herculem
443 2106 650 2151 conversus
669 2110 796 2162 poeta,
826 2122 933 2156 eum,
951 2107 1174 2163 utJunonis
1196 2107 1294 2145 iram
1315 2105 1466 2157 placare

206 2190 362 2236 pergat,
384 2177 577 2218 hortatur.
592 2199 656 2207 —-
687 2178 736 2217 V.
752 2187 791 2218 1.
810 2182 1037 2224 τιυςοβόροισ.
1065 2175 1267 2225 Frequens
1287 2186 1346 2224 ap.
1368 2175 1464 2222 poe—

207 2259 266 2289 tas
292 2249 457 2288 leonum
489 2243 711 2297 epitheton.
763 2241 884 2286 Conf.
914 2242 965 2283 G.
996 2238 1198 2292 Wakefield
1226 2241 1270 2280 in
1311 2237 1462 2279 Deleeh

204 2318 329 2370 Trag.
349 2317 398 2354 T.
419 2315 470 2353 n.
503 2326 542 2363 p.
570 2320 672 2361 195.
693 2332 759 2340 ———
801 2311 941 2361 Quum
966 2310 1169 2354 Hercules,
1193 2307 1320 2347 leonis
1340 2317 1460 2358 quae·

204 2382 323 2423 rendi
342 2376 473 2430 causa,
502 2381 544 2419 in
566 2391 707 2434 agrum
729 2379 977 2418 Nemeaeum
1003 2372 1194 2423 reniss‘et,
1228 2378 1305 2414 οὐδὲ
1323 2379 1384 2421 μὲν
1405 2377 1462 2410 ἂν·

201 2446 344 2499 θρῶτων
371 2466 424 2492 τις
450 2443 506 2492 ἔην
525 2451 579 2485 ἐπὶ
614 2454 712 2495 βοοκ)
741 2453 796 2484 καὶ
820 2441 931 2492 ἔργοις
952 2451 1147 2492 φαινόμενος
1178 2461 1207 2470 ·-·
1241 2441 1349 2479 Ἀλλὰ
1369 2443 1460 2478 κατὰ

202 2521 384 2566 σταθμοῦς
406 2521 534 2563 χλωςὸν
551 2518 622 2557 δέος
641 2510 729 2560 εἶχεν
748 2511 902 2552 ἕκαστον.
940 2513 1114 2553 Carmen
1136 2509 1243 2548 inter
1266 2507 1458 2547 Theocrit.

192 2585 324 2627 XXV.
346 2594 402 2626 21
416 2586 456 2629 8..
474 2578 558 2636 sqq·
589 2598 656 2610 --
698 2581 749 2622 V·
769 2591 812 2634 4.
833 2583 1033 2628 ἂγχόμενος-
1063 2579 1206 2617 Fauces
1223 2575 1332 2617 leoni
1353 2585 1464 2627 prae·
