1598 2866
76 179 223 231 1L87.
473 186 951 218 unanimanti-rat.
1022 210 1025 213 .
1084 200 1086 202 »
1249 185 1346 234 225

21 330 27 334 -
78 302 130 344 ad
159 300 312 343 Charit.
340 313 384 353 p·
415 301 490 345 88.
509 318 577 329 ·-
618 301 738 341 Hunc
767 296 923 340 versum
946 313 1039 341 cum
1063 310 1178 353 parte
1193 312 1349 352 praece-

81 370 214 411 dentis
230 367 366 408 laudat
386 366 499 409 Suid.
519 381 554 408 v.
575 373 677 416 κύβος
702 370 745 407 Γ.
767 370 816 408 11.
842 381 880 420 p.
911 372 1015 417 389.
1038 387 1102 396 —
1143 370 1193 407 V.
1219 378 1258 416 5.
1280 365 1348 421 οὖν,

80 436 189 490 quod
215 448 282 476 me
310 436 352 474 ῐιι
384 435 545 489 vulgata
581 447 827 488 magnopere
855 432 1052 486 offendit,
1081 448 1104 474 a
1130 436 1221 476 Vat.
1243 435 1347 480 Cod

82 501 204 552 abest,
233 502 342 556 quod
360 503 612 555 corruptelae
637 499 899 595 suspicionem
918 513 1053 556 auget.
1097 503 1126 541 F
1129 500 1272 543 oitafle
1290 504 1348 544 le-

78 570 280 626 gendum:

281 657 374 692 ἃλλᾶ
393 658 431 691 τί
451 670 507 700 μοι
529 656 760 700 oratoriam-1⁹3
788 647 880 699 ἄγαν
865 655 1026 698 usqae&
1046 671 1077 681 -·
1109 671 1144 681 ¹—

81 735 243 792 Qanta
265 738 463 776 incurram
488 733 668 789 pericula,
697 747 773 775 non
793 737 941 789 ignoro.
975 734 1088 790 Qid
1105 735 1261 776 autem?
1288 740 1346 777 ηἰ-

83 807 154 843 mis
174 803 318 854 audax,
356 807 470 843 nimis
495 802 680 843 violemus
701 801 752 854 est
772 815 901 851 amor,
933 804 1016 856 qui,
1047 815 1130 842 cum
1157 817 1346 845 amantem

81 871 212 924 aliquo
239 869 394 919 trahat,
421 870 568 911 nullum
585 869 751 923 prorsus
778 873 953 909 timorem
972 871 1096 910 novit.
1121 890 1187 899 --
1225 874 1272 911 V.
1297 872 1343 914 6.

84 937 228 978 πάν-τοτ’
245 934 298 976 'a
326 949 367 978 et
385 945 506 987 φόβου.
539 937 641 976 Plan.
663 949 704 975 et
726 938 815 977 Vat.
840 936 941 977 Cod·
956 957 1019 964 ·—
1053 945 1158 985 Φόβον
1177 937 1345 991 praebet

85 1006 161 1046 Ed.
177 1005 277 1045 Flor.
299 1018 357 1056 pr.
401 1009 506 1052 ἀρχὴν
524 1003 802 1044 adverbialiter
815 1003 871 1042 est
881 1001 1063 1056 politum,
1086 1005 1194 1057 quod
1213 1004 1347 1047 fraudi

81 1071 163 1113 fuit
181 1071 358 1119 librariis·
413 1071 516 1112 Vide
544 1072 702 1124 Lennep.
735 1069 785 1110 ad
815 1070 966 1111 Phalar.
997 1084 1034 1121 p.
1068 1076 1142 1118 82.
1160 1069 1256 1125 sqq.
1278 1091 1347 1102 —-

84 1139 155 1179 οὐδ’
186 1135 279 1186 ἕνας.
311 1140 494 1179 Graviter
521 1148 656 1193 negat.
690 1137 754 1179 Cf.
774 1130 888 1178 notas
909 1138 959 1179 ad
987 1138 1135 1181 Gallim.
1156 1141 1229 1194 Ep.
1255 1140 1346 1184 XV.

85 1208 136 1247 T.
159 1208 218 1247 11.
228 1221 266 1259 p.
293 1214 404 1256 272.

183 1306 308 1350 XWI.
339 1307 438 1348 Cod·
461 1308 551 1349 Vat.
570 1319 623 1362 p.
647 1310 723 1354 88.
762 1306 952 1357 Φιλοδιῖμον
984 1315 1032 1354 εἲς
1068 1315 1241 1350 Φιλαινίδα
1283 1318 1346 1356 τῆν

83 1381 254 1424 νεωτέραν.
299 1376 408 1417 Plan.-
431 1389 470 1428 p.
494 1376 604 1427 467.
623 1375 679 1417 St.
703 1373 812 1423 608.
833 1379 897 1416 W.
936 1375 1006 1416 ubi
1025 1378 1213 1417 ultimum
1237 1377 1346 1418 disti·

81 1442 187 1484 chon
214 1441 336 1484 deest.
380 1444 552 1498 Elegans
578 1455 750 1483 carmen.
789 1442 1021 1484 Philaenida
1050 1445 1249 1496 ancillam,
1283 1446 1347 1485 lu·

80 1523 201 1551 cerna
225 1507 406 1557 accensa,
448 1512 561 1550 exire
588 1511 705 1562 jubet
735 1515 852 1563 poeta
881 1524 932 1550 ex
964 1511 1157 1560 thalamo,
1190 1513 1232 1552 in
1263 1525 1345 1566 quo

81 1590 173 1618 cum
190 1578 336 1630 'puella
362 1577 491 1618 cubat.
543 1582 578 1619 A
598 1574 710 1618 versu
741 1579 884 1631 quinto
907 1575 1028 1631 ipsam
1056 1579 1231 1631 puellam
1252 1580 1347 1624 allo·

79 1645 231 1698 quitur.
254 1667 318 1675 -
362 1647 413 1688 V.
442 1654 477 1686 1.
507 1651 565 1684 τὸν
586 1653 737 1692 σιγῶντα
761 1667 790 1674 -
814 1652 949 1692 λύχνον.
988 1634 1259 1693 μύστηνκλῦχνον
1278 1659 1347 1687 νο·

79 1723 142 1752 cat
164 1712 360 1766 Pompejus
380 1715 451 1765 Ep.
473 1714 524 1754 ΙΙ.
546 1726 585 1765 p.
613 1721 714 1762 105.
776 1714 882 1754 Hinc
903 1712 1094 1769 Meleager
1118 1716 1190 1766 Ep.
1209 1715 1347 1756 LXXI.

0 1811 10 1825 ,
79 1786 202 1825 λύχνον
225 1785 406 1829 συνίστορα
435 1779 556 1830 dixit,
583 1778 654 1820 ubi
685 1779 775 1820 vide
807 1791 933 1820 notas.
987 1780 1105 1820 Adde
1133 1781 1267 1821 Burm.
1295 1779 1349 1822 ad

79 1845 251 1890 Anthol.
272 1849 357 1888 Lat.
372 1850 423 1888 T.
441 1850 469 1887 1.
485 1862 523 1900 p.
542 1847 651 1899 684.
667 1867 733 1876 —
755 1854 821 1887 τῶν
841 1845 1036 1892 ἀκλήτων.
1071 1860 1224 1901 eorum,
1243 1861 1348 1901 quae

78 1911 238 1954 silentio
265 1915 395 1968 premi
423 1927 466 1955 et
485 1915 674 1955 occultari
704 1916 867 1966 volunt,
911 1915 1044 1968 qualia
1067 1911 1158 1955 sunt
1185 1915 1348 1958 Amoris

81 1980 278 2036 mysteria.
327 1984 415 2022 Hoc
447 1978 559 2022 sensu
592 1981 826 2023 vocabulum
858 1980 1040 2028 ἂλαΛῆτ-ων
1069 1982 1348 2033 accipiendum

80 2046 177 2099 effe,
212 2060 423 2089 contextus
445 2050 583 2101 docet;
612 2062 690 2090 nec
710 2051 958 2105 etymologia
976 2049 1113 2091 obstat.
1153 2047 1292 2090 mall.
1308 2050 1344 2090 1.

55 2116 213 2157 .E1.11.
242 2126 314 2168 33.
349 2117 503 2157 Parcite
531 2114 761 2167 luminibus,
786 2116 859 2168 seu
889 2120 974 2169 vir,
1001 2116 1072 2167 seu
1090 2117 1244 2169 femina
1270 2113 1348 2168 fias

82 2181 230 2222 Obvia.-
257 2183 371 2224 celari
392 2184 478 2224 vult
489 2184 571 2235 fita
581 2185 708 2236 surm
732 2184 862 2224 Venus.
881 2206 946 2214 ———
977 2186 1026 2225 V.
1042 2194 1085 2225 2.
1112 2189 1347 2231 ἐκμεθύσασα.

82 2247 293 2291 affundens
309 2251 455 2291 oleum.
489 2253 628 2297 μεθύειν
656 2251 857 2302 dicuntur,
881 2264 984 2304 quae
1008 2253 1162 2304 repleta
1189 2247 1280 2290 sunt
1305 2257 1348 2289 et

80 2312 259 2357 saturata.
294 2319 448 2358 Homer·
468 2320 515 2359 ll.
541 2321 668 2360 XVII.
696 2329 800 2369 390.
823 2326 935 2366 βοείην
954 2323 1189 2366 -μεθύουσαν
1208 2315 1347 2364 Ennomon*-

81 2383 230 2438 Attigit
263 2385 379 2439 Toup.
419 2386 462 2426 in
497 2389 590 2428 Not.
626 2385 676 2425 ad
711 2382 882 2441 Hesych.
912 2388 963 2426 T.
994 2387 1025 2425 1.
1067 2400 1106 2438 p.
1138 2392 1246 2434 255.
1280 2394 1349 2412 -··-

79 2450 130 2489 V.
154 2463 198 2499 4.
227 2451 367 2497 τνκτιῖν.
401 2453 549 2508 Vulgo.
596 2451 739 2498 πονιτ-ἦν.
760 2455 849 2494 Vat-
870 2453 972 2495 Cod.
1012 2455 1100 2493 Hoc
1133 2453 1175 2491 in
1196 2457 1349 2495 πτυκτῆν

79 2518 318 2558 mutandum
355 2519 526 2560 videtur.
595 2521 843 2575 Intelligitur
874 2521 995 2572 janua
1030 2520 1194 2565 valvata,
1226 2521 1347 2560 δικλίς.

75 2590 212 2629 πτύχες
232 2597 368 2627 autem
386 2583 477 2630 sunt
503 2588 677 2640 tabulae,
702 2588 846 2641 quibus
864 2589 988 2641 janua
1006 2586 1197 2638 operitur.
1244 2583 1350 2625 Vide

131 2659 206 2697 Vol.
215 2661 267 2698 11.
295 2662 339 2700 P.
353 2674 383 2702 ι.
819 2657 847 2695 P
