1598 2866
205 175 300 219 412
623 160 1062 208 cnxnaa‘onaz
1303 169 1482 222 ηιμ.

206 288 375 330 verbum·
397 291 500 337 μίξιν
523 287 736 342 displicuit.
775 287 1037 330 Scribebamz.
1061 295 1173 339 λύξεν.
1215 292 1371 333 Lunam
1390 293 1478 343 plo-

206 368 361 398 rantem
381 356 572 396 habemus
588 357 632 395 in
644 355 856 408 Epitaphio
877 353 1071 398 formosae
1089 359 1248 408 puellae
1270 373 1332 412 ap.
1345 359 1483 400 Schra-

204 424 283 465 der.
312 428 357 464 iu
381 425 554 464 Momm.
577 425 664 464 Ital.
694 437 733 475 p.
762 425 865 464 162.
898 423 1022 464 Flevit
1046 426 1180 474 Amor,
1202 425 1353 477 moesiae
1377 426 1479 466 Cha-

205 495 329 543 rites„
348 505 384 531 et
407 490 569 554 Cynthia
581 488 721 543 flevit,
756 490 899 531 Pulcra
922 493 1045 532 Vcezus
1062 491 1184 532 molles
1202 491 1478 549 subsecuitque

205 572 347 609 comas.
381 561 500 602 Nunc
524 570 659 599 tamen
681 558 840 601 Codicis
873 558 1035 599 leffioni
1051 558 1256 600 inhaereo.
1297 555 1392 609 μίξὲν
1416 575 1478 601 re-

204 624 374 679 spondet
405 623 657 673 τρῖ-κοινώσαιτο
685 626 729 665 in
758 639 886 678 praec.
908 622 1036 668 versu.
1084 629 1142 668 Ut
1161 627 1256 667 olim
1285 629 1476 680 pulcritu-
1536 646 1542 653 ·

202 695 342 738 dinem
362 690 472 733 suam
491 707 581 733 cum
603 693 671 732 illa
690 694 1073 745 communicaverat,
1105 695 1161 734 ita
1180 708 1289 735 nunc
1310 709 1473 749 quoque

205 761 390 803 tenebras
415 757 499 800 suas
526 774 618 800 cum
644 761 751 800 illius
779 771 910 801 morte
932 761 1155 813 conjunxit.
1187 761 1380 818 Antiphil.
1397 764 1475 816 Ep·

200 831 285 871 XL.
313 831 444 875 σεισμῷ
469 827 498 867 δ’
513 823 616 867 ἄλλον
639 822 741 876 ἕμιξοι
762 836 881 877 φόβον.

305 930 490 973 XXXIX.
525 930 624 972 Cod.
647 932 737 972 Vat.
761 945 801 985 p.
825 939 936 983 307.
973 930 1110 973 Edidit
1126 930 1286 986 Jenfi'us
1306 946 1368 974 nr.
1393 931 1472 984 83.

202 998 328 1042 Anth.
351 996 481 1039 Reisk.
511 1013 572 1039 nr.
593 1007 706 1050 734.
730 1013 770 1052 p.
797 1003 902 1051 148.
953 998 1195 1055 Naufragus,
1228 1001 1341 1052 cujus
1361 1000 1475 1041 cada·

201 1080 272 1108 ver
302 1066 442 1106 fluetus
473 1067 518 1106 in
550 1066 644 1106 litus
675 1065 905 1107 detulerant
923 1096 935 1117 ,
970 1065 1130 1120 pastoris
1160 1068 1281 1108 vitam
1308 1067 1471 1108 felicem

201 1134 416 1188 praedicat.
431 1153 498 1163 --
530 1135 581 1176 V.
599 1143 640 1176 1.
663 1142 718 1173 καὶ
744 1129 813 1182 οὖς.
829 1133 944 1188 Jens.
981 1134 1060 1174 κατ’
1079 1135 1307 1175 emendavit
1317 1132 1470 1176 Ruhnk.
1488 1166 1497 1191 ·.

201 1199 244 1241 in
267 1201 386 1256 Epist.
412 1201 496 1241 crit.
520 1214 558 1255 p.
584 1210 691 1243 122.
742 1201 906 1253 Similia,
935 1201 1005 1241 ubi
1023 1202 1135 1242 Paeti
1159 1201 1343 1258 naufragi
1367 1215 1472 1243 mor·

203 1279 286 1309 tem
306 1269 443 1324 luget,
475 1269 702 1322 Propertius
719 1270 763 1310 L.
783 1270 855 1309 111.
874 1271 947 1320 Ep.
975 1276 1018 1319 ς.
1044 1269 1121 1320 67.

336 1371 456 1428 Qod
465 1369 511 1423 fi
525 1383 720 1411 contentus
743 1374 879 1425 patrio
903 1370 993 1412 hove
1023 1385 1186 1412 verteret
1207 1385 1333 1427 agros,

405 1437 598 1492 Verbaque
621 1437 789 1490 duxiffit
807 1439 956 1491 pondus
980 1437 1114 1480 habere
1132 1453 1235 1495 mea:

338 1507 492 1548 Viveret
511 1517 599 1546 ante
611 1506 709 1557 suos
735 1506 853 1546 dulcis
875 1509 1032 1546 conviva
1051 1518 1214 1559 penates,

399 1574 564 1628 Pauper,
602 1578 707 1614 acin
723 1587 842 1626 terra,
875 1573 936 1614 nil
959 1571 1027 1614 ubi
1041 1573 1140 1627 flere
1154 1570 1291 1628 potest.

198 1676 400 1720 Postrema
416 1675 537 1718 verba
555 1677 674 1717 nimis
695 1677 832 1729 inepta
850 1674 956 1718 sunt.
991 1676 1163 1731 Cor-rigo
1189 1676 1231 1716 in
1246 1675 1412 1715 transitu
1426 1685 1441 1716 ε

848 1761 908 1802 nil
924 1760 992 1802 ubi
1012 1758 1128 1801 turbo
1152 1757 1284 1814 potest.

197 1845 267 1888 ubi
286 1848 392 1887 venti
423 1856 462 1886 et
491 1844 717 1900 tempestates
742 1845 844 1886 nihil
866 1845 1007 1886 valent.
1055 1843 1162 1886 Vide
1182 1843 1372 1884 Burm.in
1393 1843 1472 1884 Lu-

197 1928 278 1957 can.
299 1917 344 1957 L.
367 1917 434 1956 IX.
453 1924 566 1966 449.
588 1933 654 1944 —-
687 1913 737 1954 V.
761 1923 803 1954 2.
825 1913 947 1957 »τόνδ’
961 1918 1026 1952 tw&
1045 1908 1297 1952 scribendum
1320 1907 1470 1962 suifl'et,

201 1993 282 2032 „ut
310 1983 391 2034 jam
417 1980 467 2021 ab
491 1981 778 2036 elegantissimo
811 1980 1055 2021 Ruhnkenio
1076 1977 1224 2019 faaum
1254 1986 1470 2028 noveram3

195 2072 225 2094 υ
234 2047 299 2090 sed
321 2058 553 2101 corruptum
576 2049 697 2088 etiarn
716 2049 830 2089 credo
853 2055 1069 2095 λευκόλοφσν.
1103 2046 1200 2085 Ideo
1229 2044 1316 2084 cod.
1337 2045 1471 2086 1εᾶἱο-

195 2131 328 2162 „nem
357 2116 544 2157 intactam
567 2116 725 2168 reliqui.
768 2124 974 2163 λευκάλσφος
1002 2115 1051 2154 de
1080 2123 1220 2152 monte
1249 2110 1275 2150 fi
1303 2111 1471 2162 dicatur,
1516 2133 1518 2137 ⁴

195 2185 416 2241 „glabrum
436 2183 589 2236 apicem
610 2181 830 2238 significare
848 2182 987 2232 debet,
1020 2181 1086 2222 cui
1105 2179 1316 2234 epitheton
1336 2185 1470 2226 ποιηςὶς

194 2268 314 2298 „non
332 2251 530 2307 congruit.
569 2247 783 2304 Scripserat
802 2249 908 2291 forte
927 2254 1023 2290 τᾶνδε
1041 2256 1124 2296 πρὸς
1143 2251 1374 2294 ἂκςόλοφον.“
1392 2246 1467 2289 Βν.

195 2328 236 2359 τὸ
274 2328 479 2368 munuum-a
531 2316 716 2360 defendit
751 2315 876 2360 Reisk.
919 2318 1102 2372 analogia
1141 2315 1205 2353 τοῦ
1246 2320 1469 2361 aceubitu-301

194 2387 493 2440 Polyb.>1..111.
518 2393 542 2435 5
551 2394 594 2436 3.
621 2386 674 2426 T.
698 2387 728 2425 1.
756 2399 795 2438 p.
821 2394 931 2438 504.
962 2386 1024 2425 ed.
1052 2397 1143 2425 nov.
1175 2381 1245 2421 ubi
1271 2377 1469 2420 desertam

194 2465 238 2495 et
261 2456 410 2497 nudam
439 2459 594 2507 petram
624 2451 830 2507 fignificat.
877 2455 1051 2508 Fingere
1080 2449 1154 2491 tibi
1176 2447 1301 2489 debes
1323 2443 1469 2487 collem
1520 2465 1525 2472 =·

194 2524 238 2563 in
262 2520 466 2577 superiore
487 2520 696 2561 cacumine
725 2520 907 2574 nudum,
936 2521 1085 2561 circum
1105 2517 1255 2562 radices
1278 2514 1470 2555 mediam·

194 2603 275 2644 que
306 2592 516 2647 regionem
548 2584 777 2630 herbosum.
793 2606 859 2616 ——
908 2589 958 2630 V.
981 2596 1019 2639 3.
1049 2587 1161 2631 „Hic
1180 2579 1311 2625 versus
1333 2577 1472 2634 despe-

1324 2658 1469 2692 „ratus
