1598 2866
101 172 247 225 IL91.
451 170 990 206 -znenamuxra-
1236 161 1365 211 '243

108 303 263 349 „rupto
287 293 407 339 δοῦμος
423 288 530 331 reste
553 291 672 334 δοῦπος
689 284 878 342 reposuit,
896 299 1000 341 quae
1018 282 1249 326 emendatio
1269 281 1370 322 mul-

110 372 188 408 „to
206 358 447 414 probabilior
465 357 522 398 est
539 371 611 408 ea,
646 371 765 410 quam
796 360 926 410 Toup.
958 355 1007 395 ad
1027 353 1136 395 Suid.
1163 353 1236 394 111.
1265 357 1371 400 115.

109 425 204 483 „(p.
220 427 358 480 406.)
376 426 557 479 protulit.
607 425 686 467 Sed
710 424 902 471 librorum
931 426 1111 474 omnium
1131 432 1264 476 καλόβη
1286 430 1372 457 mu·

111 494 315 543 „tandum
342 507 426 534 non
450 504 548 534 erat.
597 494 684 533 Hoc
703 492 862 545 quidem
894 485 1101 546 perperam
1134 493 1373 547 interpreta-

110 562 264 608 „batur
281 561 456 616 Scaliger
482 561 533 601 ad
552 560 718 613 Copam,
747 573 869 613 quem
886 561 979 612 jure
1004 558 1266 611 reprehendit
1294 560 1376 600 Sal·

112 627 314 677 „mafiu83
357 626 426 669 sed
462 627 554 668 ideo
585 629 762 683 genuina
790 627 905 668 lectio
932 628 1129 679 ejicienda
1157 641 1239 668 non
1273 637 1376 679 erar,

117 710 273 751 „quam
294 697 416 736 etiam
447 696 491 736 in
519 693 780 736 vetustiffimis
805 694 1047 735 membranis
1074 705 1299 748 repererat,
1333 706 1378 736 et

115 777 273 818 „quam
293 760 376 816 ipse
397 763 504 803 reste
525 761 700 814 exponit.
733 768 878 810 Κιλόβη
897 761 953 801 est
973 768 1110 806 παστὰς
1130 759 1197 802 seu
1218 766 1377 809 θάλαμος

117 831 294 877 „Matris
319 830 470 880 Deum,
503 831 603 870 circa
626 842 744 882 quam
765 826 958 869 saltabant
987 829 1264 882 hujuscemodi
1290 843 1380 870 mu-

118 900 273 944 „lieres
299 897 501 938 ministrae
527 907 569 937 et
596 899 840 942 θαλαμηπόλοι
869 896 1044 952 Cybeles
1062 910 1152 937 cum
1175 898 1378 953 tympanis

120 977 199 1012 „et
228 964 380 1006 crotalis
412 975 610 1017 caputque
644 965 842 1015 jaoabant
881 962 1203 1005 bacchabundae.
1257 967 1385 1019 Repo-

120 1033 337 1078 „nendum
357 1032 492 1085 itaque
511 1027 532 1082 ᾖ
557 1037 687 1080 xamen
707 1039 763 1071 καὶ
782 1034 906 1075 δοῦπος
923 1036 1107 1079 ἐνέπρεπεν.
1154 1034 1245 1088 Jam
1263 1031 1319 1086 est
1338 1033 1385 1073 in

120 1123 148 1146 „
158 1098 236 1153 seq.
260 1095 355 1140 vers.
376 1106 520 1150 Κυβέλη,
553 1113 645 1140 nam
667 1112 715 1140 ea
735 1098 792 1139 est
816 1097 931 1146 μήτηρ
948 1103 1046 1143 θεῶν.
1081 1101 1308 1151 Depravata
1328 1099 1386 1140 est

122 1168 280 1214 „etiam
298 1166 414 1206 lefflo
441 1169 508 1218 Ep.
530 1168 598 1206 Vl.
626 1167 771 1221 Satyrii
793 1166 967 1221 Thyilli,
1002 1165 1112 1220 quod
1134 1165 1202 1207 suo
1223 1168 1310 1208 loco
1328 1167 1386 1208 vi-

122 1234 366 1282 ,‚debitur.“
384 1232 455 1274 Br.
519 1235 639 1277 δοῦπος
669 1235 839 1274 correxit
868 1235 985 1274 etiam
1016 1235 1110 1288 Jofi
1142 1234 1309 1290 Scaliger
1338 1235 1385 1274 in

125 1300 211 1346 not.
225 1299 314 1345 mst.
354 1298 520 1351 ἧκυβέλη
539 1299 595 1340 καὶ
613 1302 733 1344 δοῦπος
755 1301 984 1341 dubitanter
993 1302 1195 1343 Bradanus.
1233 1299 1254 1351 Ξ
1276 1308 1387 1349 κυβέ·

81 1368 84 1370 ’
124 1383 168 1416 an
197 1369 253 1416 xm?
281 1376 390 1417 κῶμος
432 1367 618 1422 Toupius,
662 1369 733 1422 qui
770 1365 811 1408 se
846 1367 896 1408 fic
927 1370 1135 1424 eleganter
1173 1366 1387 1410 correxifl'e

125 1438 330 1495 gloriatura
387 1442 531 1482 name-u
559 1436 764 1476 aediculae
782 1447 897 1476 erant
924 1438 966 1476 in
984 1438 1180 1477 interiore
1198 1447 1240 1477 et
1263 1434 1389 1476 secre-

122 1507 229 1546 tiore
244 1504 402 1544 aedium
423 1514 547 1556 parte,
586 1501 631 1543 in
657 1502 802 1556 quibus
824 1504 990 1544 deorum
1015 1503 1219 1544 fimulaera
1238 1513 1279 1543 et
1300 1503 1390 1555 pul·

123 1573 274 1614 vinaria
292 1582 418 1612 erant.
453 1570 558 1612 Vide
578 1581 662 1612 not.
682 1571 729 1610 acl
753 1570 978 1622 Diofiorid.
999 1574 1066 1625 Ep.
1082 1573 1171 1613 Vll.
1193 1591 1257 1600 -
1288 1573 1390 1613 Mox

124 1638 295 1682 Planud.
323 1633 347 1689 {i
383 1644 622 1688 φιλοπαίγμων
659 1645 835 1685 tumulltu
863 1638 988 1686 μένης.
1045 1640 1082 1684 ἢν
1114 1643 1258 1687 ἐφίλησε
1289 1640 1390 1677 θέων.

127 1718 171 1748 et
199 1705 249 1747 fic
279 1706 370 1747 Vat.
391 1707 491 1748 Cod.
513 1726 575 1734 -—
613 1708 858 1759 interpretes
882 1706 1111 1763 cogitabant
1132 1707 1183 1747 de
1204 1705 1389 1756 'l'heone‚

126 1772 316 1828 sophista,
337 1773 544 1814 hominum
564 1773 861 1815 mordacissimo.
884 1792 947 1802 -—-
996 1772 1105 1814 Nihil
1127 1772 1198 1814 hac
1217 1773 1394 1813 leffione

128 1842 314 1897 ineptius.
361 1843 450 1881 θεῶν
468 1840 517 1881 ad
548 1854 673 1896 marg.
698 1840 799 1883 Cod.
823 1838 879 1881 sui
906 1841 1133 1881 emendavit
1154 1840 1250 1895 JoJI
1269 1838 1393 1880 Scali-

125 1923 208 1967 ger.
231 1929 296 1937 —
334 1909 386 1951 V.
411 1918 452 1960 5.
487 1912 576 1956 ἀμφὶ
596 1916 761 1957 γυναικῶν
793 1907 960 1962 Toupius
978 1905 1058 1949 effe
1082 1910 1166 1949 vult
1178 1908 1339 1960 seorsim
1366 1919 1392 1947 a

127 1973 372 2023 mulieribus;
406 1975 660 2030 Trypheram
682 1978 792 2016 enim
812 1977 980 2016 Veneris
1001 1973 1104 2016 sacra
1126 1989 1207 2016 non
1231 1976 1274 2014 in
1300 1987 1394 2015 con-

130 2054 255 2086 ventu
283 2044 513 2094 mulierum,
545 2039 613 2084 sed
643 2040 866 2084 clanculum
897 2057 987 2084 cum
1016 2043 1291 2084 commilitone
1323 2038 1392 2082 suo

130 2109 358 2154 celebrafl'e.
405 2112 522 2162 Quae
550 2112 617 2151 vix
638 2124 731 2151 vera
757 2111 1043 2163 interpretatio.
1086 2112 1224 2165 Junge
1259 2109 1394 2160 potius

131 2186 180 2219 τὰ
216 2175 319 2228 ὄργια
346 2184 434 2227 ἄμφὶ
463 2186 650 2226 γυναικῶν,
694 2191 798 2232 quae
826 2179 882 2218 est
913 2176 1147 2231 periphrasis
1181 2173 1394 2225 sacrorum,

132 2259 238 2300 quae
266 2247 455 2286 mulieres
485 2246 702 2286 celebrant.
762 2242 878 2295 ὄργια.
910 2252 957 2284 τὰ
978 2255 1042 2289 τῆς
1060 2244 1259 2292 Ἀφροδιτης
1289 2237 1392 2290 ἔργα

134 2312 237 2354 dixit
268 2311 462 2367 Aristopb.
500 2311 650 2368 Lyfistr.
682 2318 788 2365 832.
814 2335 880 2342 —
935 2315 982 2352 V.
1018 2316 1057 2351 6.
1090 2311 1265 2357 ἑψαμενα.
1297 2310 1393 2348 vat.

134 2379 280 2426 Cod.,a
299 2395 357 2434 pr.
381 2392 488 2423 man.
536 2379 790 2435 'I'rypheram
809 2378 1013 2421 venustate
1030 2389 1072 2419 et
1091 2377 1288 2418 illecebris
1307 2386 1396 2427 pro-

133 2447 242 2488 xime
261 2448 309 2489 ad
328 2448 489 2489 Laidem
511 2444 703 2489 acceffiss‘e
721 2449 789 2489 ait.
825 2466 880 2476 -
925 2450 975 2488 V.
997 2455 1041 2497 7.
1073 2449 1112 2490 8.
1137 2443 1288 2483 Similia
1306 2450 1396 2482 vota

133 2514 286 2569 passim.
319 2518 381 2559 Ex
403 2514 535 2559 nostro
549 2505 962 2568 ‚fortafl'e‘exprefl'um
979 2516 1053 2567 Ep·
1069 2516 1124 2552 313.
1144 2509 1313 2554 DCCV.

792 2648 898 2700 Q2
