1598 2866
199 214 293 257 300
464 213 844 244 ANTIPATRI
904 213 1211 245 ruessaz.
1282 204 1463 254 v11.113.

192 330 319 369 linem
349 328 391 366 in
416 325 679 377 Cephallenia
706 326 896 376 peculiari
933 324 1085 367 honore
1115 326 1233 368 fuisse
1264 326 1460 380 habitum,

197 410 248 435 an
278 393 441 438 aliunde
469 392 632 444 constet,
668 393 811 448 ignoro
839 390 1040 446 equidem.
1087 398 1151 435 De
1174 399 1384 445 Panormn,
1404 392 1460 438 ·il-

194 463 270 503 lius
299 459 450 502 insulae
476 473 618 512 porm,
660 460 854 502 videndus
884 458 1101 511 Holstenius
1126 463 1151 501 l.
1171 477 1203 502 c.
1273 462 1457 505 Pluribus

194 529 388 583 portubus
405 528 481 568 hoc
499 541 648 568 nomen
668 541 881 568 commune
896 527 986 569 fuit.
1008 549 1074 558 —-
1110 537 1282 578 τρηχείης.
1306 529 1457 575 Ithacae

183 596 373 650 scopulos.
412 596 548 652 Virgil.
570 598 673 637 Aen.
694 597 735 636 L.
753 598 822 635 111.
844 605 870 634 2
879 605 953 646 72.
1009 605 1152 644 κραναὴν
1169 599 1303 650 paffim
1324 601 1456 651 appel·

190 665 245 704 lat
266 665 466 704 Homerus.
484 683 549 691 -·
592 665 642 703 V·
665 673 704 714 5.
726 671 784 703 τὸν
804 668 881 711 ἐμὸν
899 672 1064 712 βασιλῆα.
1093 663 1304 708 Tiberium
1326 663 1458 707 Pisoni

189 732 407 786 propitium
423 756 435 778 ‚
488 729 747 785 eundemque
813 732 912 771 meis
966 730 1208 772 carminibus
1251 730 1456 774 faventem

191 799 346 840 reddas.

290 866 400 905 XIX.
431 865 533 907 COd.
558 867 648 906 Vat.
668 879 706 918 p.
732 864 836 916 366.
862 865 1096 914 Ἀντιπάτρου.
1139 866 1303 907 Gentile
1319 879 1396 907 nec
1411 867 1454 908 in

187 935 299 975 Plan.
317 933 476 974 additur
496 948 533 986 p.
557 941 633 983 71.
658 933 715 973 St.
744 943 847 984 104.
864 931 934 972 W.
960 935 1144 977 „Mirum
1165 933 1221 973 est
1242 947 1454 989 argumen-

188 1013 333 1046 „tumz
366 1011 535 1053 quatuor
547 999 747 1056 {ignorum
762 1001 1033 1056 anaglyphum
1050 1003 1092 1041 in
1113 1001 1267 1056 fastigio
1289 1001 1472 1041 aedium·

186 1070 272 1113 nC.
298 1066 484 1118 Caesaris,
513 1067 680 1123 Augusti
703 1069 858 1121 nepotis
889 1082 911 1108 e
943 1067 1036 1118 filia,
1054 1067 1238 1122 ‘quatuor
1259 1069 1452 1110 Victorias

185 1135 433 1183 „exhibens‚
457 1145 626 1188 quatuor
651 1137 827 1181 numina,
850 1137 1087 1184 Minervam,
1113 1139 1326 1187 Venerem,
1349 1138 1451 1176 Her·

185 1204 350 1250 „culem
374 1214 415 1243 et
435 1205 631 1253 Martem,
661 1204 704 1242 in
728 1203 883 1243 coelum
912 1203 1144 1244 evehentes,
1210 1205 1327 1242 Putes
1357 1203 1453 1243 deos

183 1271 391 1323 „deasque
410 1268 548 1309 saltem
560 1271 603 1310 in
621 1270 724 1325 bigis
744 1285 766 1310 a
786 1270 968 1311 ViGtoriis
991 1270 1082 1311 vehi
1094 1282 1104 1316 ;
1141 1268 1208 1312 sed
1231 1270 1348 1311 verba
1365 1268 1453 1310 satis

183 1338 422 1386 „declarant
442 1337 618 1377 humeris
640 1338 901 1378 Victoriarum
924 1351 990 1378 eos
1026 1335 1224 1378 insediffe.
1270 1339 1452 1392 Anagly-

183 1405 345 1459 „phum
370 1404 513 1460 fastigii
538 1406 669 1457 potius
696 1403 813 1445 fuisse
844 1402 985 1445 censeo
1009 1419 1129 1459 quam
1150 1405 1314 1456 statua83
1357 1418 1450 1445 cum

183 1496 212 1518 υ
220 1483 381 1527 propter
402 1473 521 1513 verba
539 1478 608 1512 σεῖο
630 1472 708 1511 κατ’
728 1478 886 1520 εὔόςοφσν
904 1480 1060 1521 γραπτὸν
1078 1480 1218 1523 στέγας,
1239 1483 1324 1513 turn
1339 1471 1449 1525 quod

181 1563 210 1587 2,
220 1551 402 1594 quatuor,
427 1554 510 1579 non
531 1540 605 1579 tria
623 1537 713 1580 sunt
735 1539 888 1595 figna.“
943 1541 1083 1592 qunii
1105 1540 1225 1580 verba
1255 1537 1346 1580 sunt
1375 1540 1448 1580 viri

182 1610 239 1649 ill.
259 1609 300 1648 in
325 1608 614 1649 Commentatt.
639 1610 689 1648 T.
712 1611 759 1648 X.
782 1623 819 1660 p.
851 1616 869 1647 1
888 1617 957 1649 10.
1001 1609 1131 1650 Aliter
1150 1605 1344 1648 sentiebat
1368 1606 1448 1646 Sal-

179 1673 338 1727 mafim,
373 1676 442 1727 qui
474 1674 550 1715 hoc
578 1689 737 1731 carmen
770 1674 945 1716 traRavit
972 1677 1016 1715 iu
1045 1676 1185 1728 Script.
1210 1674 1308 1716 Hist.
1338 1678 1448 1729 Aug.

179 1746 230 1785 T.
252 1746 302 1783 11.
332 1757 368 1795 p.
393 1743 504 1789 628.
534 1743 584 1782 de
616 1742 748 1783 statuis
774 1743 818 1783 in
844 1741 998 1798 fastigio
1031 1742 1172 1783 domus
1197 1755 1248 1782 ex
1270 1755 1362 1782 aere
1382 1742 1448 1782 vel

168 1808 305 1869 *gypso
326 1809 435 1850 faciit
455 1811 829 1862 interpretatus.-
857 1811 1055 1862 Vicini-iae
1076 1809 1196 1850 binae
1214 1809 1448 1862 binis'aqui-

179 1880 227 1919 lis
247 1876 462 1918 insidentes
481 1878 524 1917 in
547 1878 700 1928 porticu
722 1878 820 1918 ar‘cis
848 1881 909 1930 ap.
934 1879 1144 1931 Spartanos
1163 1877 1258 1918 vidit
1275 1876 1446 1927 Paufizn.

179 1948 225 1988 L.
256 1947 327 1986 III.
364 1952 434 1994 17.
477 1959 514 1998 p.
546 1954 652 1995 251.
678 1965 743 1974 —--
794 1945 842 1984 V·
877 1955 916 1986 Ι.
957 1946 1131 1993 αἷωςοῧσιν
1158 1951 1222 1983 τὰν
1252 1931 1444 1992 πτερύγῶν.

179 2010 319 2053 vitiose
336 2013 425 2052 Vat.
446 2012 547 2053 Cod.
592 2022 633 2051 et
652 2009 748 2052 vers.
769 2009 848 2064 seq.
878 2018 953 2051 νίκα
974 2010 1043 2057 καί.
1074 2012 1246 2053 Victoria
1266 2011 1367 2050 alata
1386 2011 1445 2050 ni·

180 2080 240 2121 hil
268 2078 515 2132 frequentius
547 2080 589 2118 in
626 2079 886 2119 monimentis
920 2091 1115 2132 veterum.
1166 2085 1446 2127 χρυσοπὲςυγσν

180 2162 270 2189 eam
301 2158 412 2187 vocat
443 2147 641 2186 Himerius
669 2149 782 2187 Orat.
814 2149 918 2188 XIX.
954 2156 994 2196 3.
1026 2161 1064 2199 p.
1085 2147 1196 2196 716.
1254 2145 1325 2185 ubi
1354 2144 1446 2185 vide

182 2214 427 2266 Wrnsdorf.
474 2215 612 2254 Plures
631 2215 829 2255 Vi&oriae
854 2214 999 2254 auratis
1030 2214 1100 2254 alis
1124 2208 1444 2265 (χρυσοπέρυγες)

177 2282 421 2335 incedebant
442 2282 484 2321 in
503 2279 707 2334 splendida
727 2283 794 2322 illa
816 2282 1036 2322 Ptolemaei
1056 2295 1213 2334 pompa,
1237 2294 1356 2334 quam
1376 2279 1444 2319 de·

175 2348 309 2391 scribit
336 2347 473 2389 Athen.
498 2349 538 2388 L·
562 2351 612 2389 V.
640 2362 680 2399 p.
706 2358 809 2401 197.
823 2351 865 2389 F.
890 2369 955 2378 -·
1006 2351 1056 2390 V.
1079 2358 1119 2400 3.
1146 2353 1370 2396 πολεμοδόκον
1394 2358 1443 2387 ex

174 2415 331 2462 Ascens.
363 2417 472 2456 venit
502 2417 544 2455 in
577 2416 715 2470 Steph.
748 2416 920 2459 Aldinae
947 2429 1086 2456 omnes
1118 2421 1363 2463 πολεμαδόκον.
1395 2424 1441 2454 ut

174 2486 297 2526 etiam
324 2485 487 2524 Huetius
518 2485 690 2524 correxit
721 2498 771 2536 p„
790 2493 831 2534 9.
883 2486 946 2524 De
973 2483 1050 2524 hoc
1077 2482 1258 2534 epitheto
1277 2482 1367 2522 vide
1390 2481 1441 2521 ad

173 2553 312 2592 Niciae
337 2550 469 2602 Miles.
497 2552 617 2604 Ep.1.
650 2552 740 2592 Vol.
761 2553 791 2595 I.
827 2554 866 2592 P.
891 2553 942 2592 ΙΙ.
962 2565 1000 2604 p.
1029 2560 1210 2602 153.-—-
1245 2551 1293 2590 V.
1314 2560 1356 2600 4.
1374 2554 1441 2588 τᾶν

170 2619 250 2661 Ἀλ.
274 2622 365 2662 Vat.
382 2618 564 2664 Cod.--
605 2618 629 2658 αἱ
650 2619 679 2660 δ’
698 2624 916 2668 &mmm-ov.
936 2620 1064 2660 Idem.
1115 2618 1254 2659 Voluit
1271 2622 1441 2666 ἂμφιβόη-
