1598 2866
118 164 299 216 [2132.
494 137 999 203 :alemanna-ra.
1298 173 1390 220 353

117 293 139 333 ἦ
157 282 311 330 σιννιϊηῖ.ἶ
340 281 547 326 Philodem.
579 285 652 336 Ep·
672 284 780 325 XIX.
804 292 903 329 πολιι)
929 290 1000 332 γὰρ
1022 290 1200 335 ἐπείγεται
1230 292 1307 327 ἀντὶ
1327 307 1390 338 μισ
1412 324 1417 327 ⁷

117 360 234 398 autu-e
261 355 346 402 Θςὶξ
374 348 458 403 ἤδη,
494 341 638 396 συνεᾶῦς
677 348 834 400 ἅγγελος
866 358 1006 398 ἡλικίης.
1061 352 1125 396 Cf.
1154 355 1281 406 ejusd.
1308 360 1385 412 Ep.

115 421 219 464 XIV.
249 425 288 470 3.
312 430 357 470 4.

211 501 268 544 ΙΙ.
307 504 395 542 Hoc
415 510 457 541 et
476 496 646 554 sequens
668 501 802 556 Epigr.
822 502 865 542 in
895 502 1084 554 Leonem,
1109 517 1280 557 puerum
1301 506 1383 548 for-

114 567 279 620 mosum,
301 565 567 619 Rhodensem,
603 581 684 608 non
705 569 855 623 legitur
877 570 921 610 in
946 567 1062 611 Musa
1085 573 1241 624 puerili,
1260 587 1380 627 quam

113 636 279 691 quidem
308 635 429 676 hodie
458 634 651 675 habemus
680 636 723 675 in
748 637 838 677 Vat.
873 636 975 680 Cod.
1029 638 1228 679 planudes
1253 642 1381 696 igitur

113 704 302 757 exemplo
323 700 536 756 copiosiore
560 699 650 742 usus
669 698 736 744 est.
766 703 872 745 Vide
893 705 1077 761 Prolegg.
1101 720 1140 758 p.
1165 709 1380 751 LXXXVI.

113 773 272 813 servata
301 772 411 811 enim
439 770 483 809 in
509 770 617 810 Plan.
646 782 673 821 p
708 780 818 822 294.
841 772 898 813 St.
938 782 1049 824 433.
1069 775 1136 814 W,
1154 783 1219 806 ’-.
1260 777 1309 817 ν,
1337 785 1378 819 1,

111 845 260 887 κενόςην.
296 832 602 878 Βοτιῃοίῑίῖἰπιυὶ
632 838 883 890 mortalium,
915 837 1174 897 Affyriorumr
1195 855 1287 894 rex,
1315 841 1377 885 se.-

110 906 289 946 cundum
317 905 461 960 Hygin.
490 903 583 945 Fab.
620 904 807 947 CCLXX.
826 916 864 946 et
898 907 1086 949 CCXLll.
1129 909 1376 964 Cypriorum

114 985 251 1029 regem
275 973 451 1013 eundem
473 982 604 1022 vocat,
643 982 686 1012 et
708 973 888 1024 Apollini
909 973 951 1013 in
979 973 1130 1015 deliciis
1149 975 1268 1017 fuisse
1287 993 1376 1019 nar-

114 1053 173 1080 rat
203 1040 361 1080 Pindar.
397 1037 515 1094 Pyth.
544 1041 596 1080 11.
628 1048 702 1089 27.
730 1034 815 1094 sqq.
853 1037 924 1080 ubi
955 1040 1046 1083 vide
1076 1040 1199 1084 Sebol.
1253 1045 1374 1088 Conf.

112 1108 302 1158 qunium
318 1107 361 1146 in
379 1105 609 1159 Apollodor.
633 1107 701 1146 111.
727 1115 798 1158 14.
822 1116 859 1158 3.
880 1122 918 1160 p.
946 1111 1002 1153 82
1013 1119 1051 1159 ς.
1075 1119 1119 1149 et
1137 1108 1375 1154 Munkerum

111 1175 160 1215 ad
183 1181 333 1216 Anton.
355 1173 439 1214 Lib.
461 1186 494 1214 c.
514 1173 764 1214 xxxm-
799 1181 937 1223 Φρύγας
953 1171 1069 1223 ἄμφω.
1088 1178 1372 1232 Ganymedem

109 1255 152 1282 et
174 1241 364 1282 Paridem.
383 1260 450 1269 -
490 1240 539 1280 V.
566 1249 605 1291 3.
624 1244 833 1288 quaeacpaen.
871 1243 962 1283 Vid.
987 1245 1055 1297 Ep.
1070 1245 1179 1286 XlV.
1195 1257 1237 1286 et
1256 1245 1370 1288 Stra-

106 1306 194 1349 bon.
223 1311 267 1351 L.
290 1309 465 1360 xlv-ep.
497 1307 606 1359 654.
628 1329 693 1337 —
739 1309 788 1348 V.
819 1322 863 1363 4.
893 1317 914 1355 ἧ
944 1317 1023 1359 τοίῳ
1051 1316 1228 1358 λάμπεται
1258 1313 1369 1365 deniq.

103 1372 275 1417 Formofi
317 1375 432 1428 pueri
457 1387 547 1413 cum
576 1371 657 1415 sole
692 1386 981 1427 comparantur,
1014 1389 1059 1419 ut
1085 1391 1149 1431 ap.
1180 1379 1371 1441 Meleagr.

103 1445 176 1496 Ep.
211 1443 370 1484 XXXV.
404 1441 473 1480 ubi
505 1442 595 1482 vide
627 1454 709 1482 not.
742 1452 876 1496 1255.
925 1445 1053 1485 Simul
1080 1456 1230 1497 autem,
1260 1449 1371 1500 quod

103 1509 297 1551 Brodaeus
323 1508 430 1549 bene
462 1512 643 1560 monuit,
691 1510 740 1549 ad
771 1511 924 1561 Solem,
971 1513 1179 1553 tutelarem
1214 1512 1371 1558 insulae

102 1578 238 1626 deum,
257 1574 476 1628 respicitur.
499 1598 562 1608 ——
601 1580 675 1616 Pto
695 1575 769 1617 ἔστ’
790 1578 864 1619 Ed.
887 1581 914 1619 F
918 1580 989 1619 lor.
1012 1594 1071 1633 pr.
1095 1575 1169 1619 ἔπ’
1193 1591 1234 1621 et
1253 1580 1368 1624 versu

103 1642 184 1697 seq.
211 1650 376 1690 λάμπεαι.
413 1644 525 1684 Prius
547 1645 717 1686 Aldinae
737 1658 875 1686 omnes
898 1657 939 1687 et
960 1643 1113 1688 Ascens.
1138 1644 1366 1701 servat-unu

103 1701 275 1751 alterum
304 1713 442 1765 inepte
464 1723 761 1753 commutarunt
780 1725 870 1752 cum
898 1705 1086 1760 Λάμπέται.
1130 1716 1172 1757 Si
1194 1729 1287 1756 vera
1309 1717 1367 1758 est

102 1778 233 1820 nostra
260 1779 389 1830 leffio,
420 1793 490 1832 pro
521 1788 578 1819 κκὶ
597 1779 703 1823 Ῥόδος
724 1780 892 1835 legerim
919 1788 939 1826 ἦ
958 1781 1080 1827 Ῥόδος.

196 1881 273 1923 111.
313 1882 479 1928 Planud.
503 1897 541 1935 p.
563 1892 672 1933 294.
693 1884 748 1924 St.
773 1894 882 1936 434.
893 1885 958 1924 W.
987 1882 1109 1924 Lusus
1130 1885 1174 1926 in
1197 1887 1365 1928 nomine

98 1951 254 1992 Leonis.
275 1972 339 1980 —
381 1952 455 1989 Pro
481 1949 652 2000 Ἀλκιδεω,
686 1963 790 2003 quae
815 1950 872 1991 est
890 1952 1071 1991 omnium
1097 1952 1209 1993 editt'.
1233 1954 1366 2009 leffiu,

100 2017 172 2060 Br.
193 2016 369 2057 Ἀλκείδεω
388 2018 640 2071 corrigit.—
674 2025 714 2057 τὸ
741 2022 941 2059 δωδέκατον.
969 2019 1143 2060 Vi&oria
1167 2019 1219 2060 de
1239 2021 1362 2063 leone

100 2097 183 2124 nou
211 2086 316 2124 inter
344 2084 553 2125 duodecim
585 2086 766 2125 Herculis
793 2087 1010 2126 certamina
1039 2085 1168 2138 foret,
1202 2086 1229 2126 fi
1257 2089 1362 2140 ejus-

99 2151 209 2191 modi
230 2150 299 2203 ipfi
321 2153 383 2191 leo
412 2151 567 2191 obviam
587 2150 686 2193 effet
706 2151 842 2193 faetus.
897 2156 944 2193 ln
971 2150 1162 2194 formosos
1183 2156 1294 2195 enim
1319 2166 1365 2196 et

97 2216 285 2259 formosas
314 2233 396 2259 non
419 2219 537 2259 nimis
565 2218 715 2261 fortem
737 2218 856 2260 fuiffe
879 2221 1106 2273 Herculem,
1135 2223 1263 2261 omnis
1285 2222 1359 2262 cla-

96 2297 179 2326 mat
198 2287 422 2339 antiquitas.

194 2368 262 2409 IV.
298 2370 400 2410 Cod.
418 2372 556 2422 Vnt-p.
573 2379 680 2421 325.
713 2370 850 2411 Edidit
868 2366 1024 2421 Jenfi'as
1044 2382 1107 2409 nr.
1130 2380 1206 2421 42.
1233 2366 1360 2411 Reisk.

95 2434 140 2475 in
168 2437 291 2476 Anth.
321 2449 360 2487 p·
395 2446 502 2487 131.
530 2451 589 2478 nr.
621 2439 729 2488 692.
775 2439 822 2477 In
850 2437 1085 2486 mulierem,
1117 2449 1232 2488 quae,
1264 2449 1358 2475 cum

96 2503 301 2542 oculorum
324 2506 477 2544 lumine
498 2506 649 2556 privata
666 2503 778 2556 esset,
802 2505 916 2543 binos
937 2505 1055 2542 enixa
1072 2516 1214 2555 pueros
1237 2498 1358 2542 solem

92 2569 174 2621 jam
198 2570 376 2622 pluribus
400 2585 519 2625 quam
548 2583 666 2613 antea
685 2573 807 2612 oculis
827 2566 1031 2622 adspicere
1058 2570 1274 2610 videretur.
1293 2588 1361 2602 —·-

149 2644 223 2682 vot.
232 2645 283 2682 ΙΙ.
308 2644 350 2683 Ρ.
364 2658 394 2684 1.
842 2639 873 2677 Ζ
