1598 2866
199 170 293 218 278
521 195 523 197 ·
614 181 808 211 Atzu
851 177 1047 214 sant!
1296 155 1470 222 11.⁷106.

319 286 502 333 AELu
566 282 775 336 'GALLI
802 316 808 322 ›
833 268 1362 342 'Eme-RAMMATA.

309 498 352 537 ἹῘ-
380 492 505 551 106.]
543 497 577 537 Ι.
608 487 824 540 νλῒζῦοᾶ.
846 513 886 551 p.
913 491 1232 551 9ς,τοῢ’Δικαίσυ
1250 509 1381 544 Γάλλον
1406 510 1478 545 ἐπί·

210 578 360 612 γραμμα
393 563 614 607 ἀδικώτατον.
670 564 808 608 Edidit
835 565 967 607 Reiske
1005 567 1048 608 in
1073 567 1241 611 Miscell.
1271 569 1477 624 LipsfflX.

213 644 257 684 p.
285 639 392 680 117.
411 646 471 673 nr.
497 642 609 685 293.
663 634 768 674 Hinc
793 633 912 688 Toup.
931 636 973 675 in
1001 635 1122 688 Epist.
1144 639 1227 677 crit.
1248 651 1287 688 p.
1313 647 1390 692 79.
1411 661 1478 670 ——

213 698 416 739 Meretrix
445 700 636 753 loquitur,
668 713 763 755 quae
785 705 940 754 pariter
960 697 1138 756 suffi'ciat
1166 717 1241 744 una
1263 704 1400 758 tribus,
1432 715 1478 746 ut

215 763 275 804 est
297 777 358 818 ap.
378 765 564 808 Martial.
584 771 652 809 IX·
676 778 749 818 33.
773 789 839 798 —-
872 770 922 810 V.
951 769 1302 826 1.Apogr.Lips.
1318 780 1348 812 εἰ
1374 780 1480 821 τρισί

215 836 292 872 δυσὶ
318 834 547 875 emendavit
568 833 709 875 Reiske.
760 842 780 880 ἢ
802 834 1071 877 Schneiderus
1060 853 1103 878 in
1125 840 1250 879 Peric.
1271 841 1356 880 crit.
1374 855 1414 894 p.
1436 849 1482 890 7-

218 899 329 951 quod
349 899 451 943 Cod
470 903 560 943 vat
588 900 810 943 confirmat.
833 925 898 933 -·—
939 902 1056 952 πρὸς
1038 923 1072 943 εν
1091 911 1213 953 ταχος
1235 906 1335 948 Cod.
1377 915 1483 954 λέχος

226 964 344 1019 Toup.
364 987 432 997 —-
481 968 699 1010 Brunckius
719 970 769 1010 de
791 969 910 1022 hujus
939 969 1070 1012 versus
1090 973 1261 1013 lefflone
1279 976 1483 1027 totiusque

220 1035 405 1074 carminis
426 1033 539 1076 sensu
569 1038 612 1077 in
636 1036 743 1078 hune
764 1038 926 1077 modum
951 1038 1145 1092 disputat:
1187 1043 1270 1084 „In
1288 1042 1375 1082 cod.
1395 1039 1484 1082 scri-

219 1111 372 1152 „ptum
393 1109 411 1146 ᾗ
434 1111 540 1154 τρισὶ,
565 1113 701 1144 contra
720 1102 972 1145 manifestum
998 1108 1292 1162 epigrammatis
1312 1106 1484 1152 sensum.

220 1168 371 1223 „Lyde
391 1169 488 1210 haec
509 1180 587 1218 tres
609 1169 763 1212 subibat
780 1169 986 1225 personas,
1021 1188 1116 1226 quas
1147 1175 1272 1216 tribus
1301 1178 1484 1217 meretri·

201 1235 391 1286 12›cibus‚
416 1235 577 1291 singulis
614 1236 807 1293 singulas,
843 1240 1009 1292 partitus
1036 1240 1092 1280 est
1124 1243 1318 1283 Lucianus
1352 1246 1424 1297 Ep.
1452 1246 1486 1284 Ι.

222 1300 335 1346 „Hic
366 1314 501 1343 autem
531 1314 753 1354 φιλυβςιστῆς
788 1307 819 1347 is
849 1305 927 1356 est,
975 1321 1147 1361 quocum
1185 1323 1270 1349 rem
1312 1310 1487 1351 habebat

224 1370 456 1413 „Lucianea
487 1374 593 1421 Lais,
638 1387 740 1426 quae
778 1373 980 1426 quaestum
1019 1374 1189 1416 faciebat
1226 1377 1286 1415 ἀπ’
1320 1383 1487 1425 οὐρανίων.

223 1436 380 1480 ’,Κθξῖθ
413 1437 613 1479 distinctus
648 1439 704 1480 est
741 1441 784 1480 in
815 1440 901 1482 cod.
926 1442 1065 1482 tertius
1086 1441 1228 1483 versus.
1290 1444 1338 1484 In
1358 1446 1487 1498 primo

224 1504 308 1547 „cl-
337 1506 487 1558 Toupii
515 1507 840 1548 emendationem
866 1509 1012 1560 recepi·
1075 1512 1120 1550 In
1152 1511 1276 1552 altero
1307 1511 1488 1563 disticho,

224 1571 370 1624 „quod
409 1573 571 1625 planum
602 1585 642 1613 et
676 1570 925 1626 perspicuum
959 1575 1037 1627 est,
1078 1575 1279 1617 fatebatur
1308 1580 1367 1618 vir
1396 1581 1488 1630 piae

221 1640 492 1690 „memoriae,
522 1638 562 1681 se
583 1641 685 1681 nihil
713 1643 962 1697 intelligere:
1003 1643 1198 1684 divinarat
1229 1657 1363 1685 tamen
1396 1654 1486 1694 veae}

225 1706 425 1749 „librario
446 1707 601 1758 deberi,
637 1709 707 1761 qui
734 1706 816 1762 ipse
842 1709 943 1749 nihil
963 1711 1004 1750 in
1027 1710 1103 1751 hoc
1127 1713 1301 1753 carmine
1321 1712 1490 1766 viderat,

225 1773 374 1824 „cujus
396 1773 459 1813 hic
482 1774 537 1814 est
557 1772 709 1825 sensus,
742 1777 921 1816 oratione
950 1776 1006 1817 fin
1040 1779 1230 1834 eleganti,
1264 1777 1400 1820 saltem
1418 1789 1492 1834 pu·

225 1840 349 1884 „dica
382 1840 604 1894 expreffust
648 1845 757 1884 Haec
787 1857 885 1899 ego,
918 1858 1022 1897 quae
1053 1844 1208 1886 duobus
1237 1860 1398 1898 operam
1425 1847 1491 1900 do,

225 1907 393 1951 „habeo
420 1909 571 1961 aliquid
598 1908 747 1961 adhuc,
786 1923 865 1963 quo
899 1912 1088 1961 tertium,
1123 1911 1152 1953 fi
1190 1914 1363 1965 venerit,
1393 1912 1492 1954 deti-

227 1988 395 2020 „nearm
454 1977 551 2016 Tria
586 1980 695 2016 enim
728 1977 822 2017 haec
847 1977 1041 2032 praestare
1074 1977 1242 2033 pofl'utn.
1304 1979 1491 2034 Itaquefi

225 2040 452 2087 „festinans
463 2042 617 2083 duobus
636 2045 844 2084 comitatus
866 2042 1076 2097 accesseris,
1098 2061 1180 2087 non
1199 2045 1291 2087 ideo
1313 2045 1493 2089 subfiste:

227 2110 383 2154 „tertio
405 2110 511 2149 locus
535 2110 602 2151 est.
637 2132 666 2140 -
690 2113 739 2158 τῷ
757 2118 818 2159 μὲν
840 2132 872 2141 -
891 2114 939 2160 τῷ
962 2117 998 2150 δὲ
1022 2114 1065 2153 in
1088 2110 1260 2156 secundo
1283 2112 1395 2155 versu
1419 2121 1494 2154 δνσὶ

227 2174 307 2221 „in
334 2178 463 2227 primo
490 2176 741 2218 adst1·uunt.“
767 2179 838 2220 Br.
859 2200 924 2207 -—
968 2167 1291 2233 Priorum‘hujus
1311 2182 1495 2222 carminis

227 2243 443 2284 verborum
476 2246 645 2285 mutatio
681 2246 824 2286 nititur
856 2247 1047 2299 opinione
1079 2248 1129 2288 de
1161 2246 1385 2289 {inceritate
1408 2245 1496 2289 scri-

184 2336 185 2339 =
224 2321 369 2365 pturae
386 2311 429 2350 in
454 2308 552 2351 vers.
574 2322 614 2351 2-
649 2317 703 2355 At
724 2312 821 2353 haec
838 2314 883 2353 in
901 2314 988 2356 cod.
1009 2316 1127 2367 paulo
1148 2316 1342 2369 discrepat
1369 2315 1418 2356 ab
1435 2329 1494 2367 ea,

225 2392 346 2434 quam
378 2378 452 2421 Br.
478 2378 609 2419 dedit:

396 2449 446 2493 τῷ
466 2451 527 2493 μὲν
552 2446 634 2494 nin-33³
662 2452 779 2497 νηδὺν,
808 2449 859 2495 τῷ
879 2447 907 2486 δ’
931 2447 994 2487 v‘xa
1017 2450 1080 2487 τόι
1109 2445 1240 2491 ὄπιθεν.

228 2512 338 2552 unde
374 2515 418 2554 in
449 2527 584 2568 apogr.
607 2511 703 2568 Lips.
736 2515 785 2561 τῷ
807 2515 835 2554 δ’
852 2514 917 2554 ὕπὸ
937 2522 975 2553 τὸ
998 2512 1127 2555 ὄπιθεν.
1173 2516 1353 2559 Schedae
1380 2517 1502 2573 Tryl·

229 2577 361 2622 litsch.
384 2579 467 2629 ὑπὲρ
496 2588 560 2621 τῶν
582 2578 710 2622 ὄπιθεν.
750 2579 969 2624 Brunckius
1004 2582 1150 2625 Reiskii
1177 2584 1500 2628 emendationem
