1598 2866
162 225 253 276 298
424 231 802 262 ANTIPATRr
853 233 1158 264 manserit.
1251 227 1423 269 11.112.

157 347 342 400 ,‚prima,
375 355 462 385 tum
493 344 542 385 ob
572 343 784 393 licentiam,
813 346 854 384 in
880 347 1109 387 nominibus
1134 350 1300 401 propriis
1322 363 1416 391 con-

158 445 187 467 „
197 411 351 465 cessam,
385 422 469 452 tum
492 414 528 452 vi
556 413 695 451 literae
714 428 746 462 e,
778 424 881 464 quae
900 413 943 452 in
966 416 1266 465 pronunciando
1290 419 1415 472 gemi-

162 492 335 533 ,‚natur‚
385 491 426 520 et
457 478 506 520 fic
545 479 852 533 praecedentem
883 481 1056 520 vocalem
1086 482 1249 522 brevem
1277 483 1411 525 afficit.

155 550 256 595 „Sic
276 549 320 589 in
350 547 577 587 nominibus
596 547 747 594 Ἀραβίη,
766 546 921 596 Ἀράβιος
947 544 1060 601 saepe
1082 550 1208 601 prima
1234 551 1413 603 produci-

155 629 277 667 ‚‚tur,
309 615 380 656 ubi
399 616 567 654 minime
599 612 755 654 necesse
789 614 856 665 est,
890 614 1045 663 Ἀβραβίη
1074 627 1116 656 et
1135 617 1301 666 Ἀῤῥάβως
1323 616 1412 659 scri.

155 685 301 730 „bem
352 679 512 730 Diversa
538 681 638 721 ratio
671 682 726 720 est
747 683 971 734 appellativi
991 687 1113 729 ἄρηα-ὸς
1134 683 1184 723 ab
1201 689 1344 733 ἂράομοη
1367 696 1410 728 et

152 757 276 802 ,,ἂςὰ,
307 752 349 790 in
383 749 526 802 quibus
556 749 682 802 prima
712 746 866 801 semper
894 759 935 789 et
954 748 1106 803 ubique
1131 752 1413 804 producitur.“

152 816 325 862 Brunck.
371 815 584 868 Holflenius
603 815 676 856 hoc
696 815 885 856 distichon
910 816 1114 858 addiderat
1125 820 1410 874 Epigrammati

153 884 389 928 Callimachi
412 885 568 925 XXXV.
600 897 688 923 cum
719 897 797 935 quo
818 885 927 923 nulla
947 885 1101 925 ratione
1129 887 1237 926 coire
1259 885 1407 939 potest;

152 953 348 1007 quidquid
385 952 490 1003 dicat
520 951 696 992 Clericus
722 951 764 990 in
796 951 886 992 Silv.
913 950 1007 1003 phil.
1035 967 1072 1005 p.
1106 963 1216 1003 242.
1239 975 1304 983 ——
1357 955 1407 996 In

151 1020 234 1061 fine
264 1017 394 1060 versus
420 1019 537 1071 vulgo
567 1022 639 1057 δοιὰ
666 1018 697 1056 δ’
715 1023 746 1056 ἐν
767 1023 803 1061 ἃ.
851 1020 899 1058 In
921 1020 1010 1059 Vat.
1036 1019 1137 1060 Cod.
1163 1025 1264 1060 δισσὰ
1283 1027 1352 1070 γὰρ
1369 1026 1407 1062 ἃ.

151 1088 274 1139 Quod
299 1086 324 1125 si
355 1100 518 1136 verum,
561 1082 754 1137 sequente
787 1083 898 1125 versu
931 1085 1146 1127 necefl‘ario
1184 1089 1406 1144 legendum

149 1159 279 1204 ἃᾶςεῖς.
295 1176 360 1183 —
394 1159 440 1193 τὰ
451 1160 647 1201 φαινόμενα.
673 1150 890 1204 Respicitur
910 1153 957 1192 ad
980 1167 1138 1194 carmen
1161 1155 1404 1196 notissimum

148 1223 275 1272 Arati,
310 1236 388 1277 quo
412 1219 520 1276 signa
540 1218 719 1260 coelestia
746 1231 1044 1274 enumerantur.
1090 1224 1320 1276 Utrumque
1338 1237 1407 1275 po·

147 1291 284 1331 culum
313 1288 493 1338 ebibens,
525 1287 593 1337 ait,
629 1287 763 1326 omnia
794 1285 902 1342 signa
931 1287 1104 1339 videbis,
1145 1303 1220 1330 nec
1247 1288 1404 1331 neceffe

148 1344 239 1408 erit,
273 1360 439 1398 Aratum
461 1355 511 1395 de
531 1353 647 1394 stellis
667 1351 856 1395 consulas.
900 1357 1043 1408 Inepte
1067 1355 1175 1396 hunc
1194 1357 1324 1397 locum
1343 1359 1403 1398 in-

147 1435 389 1476 terpretatur
411 1423 574 1462 Huetius
599 1437 636 1474 p.
662 1425 702 1468 8.
723 1419 797 1461 fic:
830 1424 891 1462 Ita
909 1422 1068 1463 cerebro
1088 1424 1402 1465 commoveberis

145 1507 198 1534 ex
218 1493 320 1540 vino,
354 1502 398 1530 ut
418 1491 573 1530 coelum
598 1503 686 1529 cum
709 1487 815 1528 astris
832 1489 1015 1530 omnibus
1037 1489 1082 1531 fis
1100 1488 1260 1538 visurus,
1277 1479 1400 1532 etiam

144 1560 279 1602 media
305 1560 393 1598 luce
407 1574 419 1607 3
454 1558 528 1601 vel,
555 1567 599 1596 ut
617 1555 697 1596 fert
729 1546 914 1611 gallicum
936 1557 1143 1612 adagium,
1170 1559 1281 1599 mille
1303 1559 1399 1598 lam-

142 1629 264 1682 pades
287 1627 453 1678 meridie
471 1621 618 1664 visurus
641 1622 699 1663 fis.

249 1694 358 1734 XVI.
399 1695 487 1733 Hoc
512 1681 695 1740 carmen,
725 1690 831 1743 quod
860 1689 968 1731 abest
996 1705 1018 1731 a
1035 1691 1277 1733 membranis
1302 1694 1396 1735 vat.

141 1765 185 1804 in
205 1763 311 1802 Plan.
333 1775 369 1813 p.
385 1768 490 1811 327.
504 1760 556 1799 St.
574 1758 758 1810 466.w.
790 1756 944 1798 Sidonio
966 1759 1154 1799 tribuitur
1167 1762 1406 1814 Antipatro,-

139 1830 220 1871 Sed
252 1826 399 1868 Pisonis
430 1827 752 1867 commemoratio
781 1824 925 1876 efficit,
955 1836 1000 1865 ut
1026 1839 1157 1866 veram
1187 1825 1268 1867 effe
1286 1838 1398 1881 pute-

139 1910 228 1938 mus
255 1896 521 1947 eonjefiuram
553 1894 732 1933 Boivinii
760 1893 801 1931 in
836 1894 960 1932 Mc'm.
985 1893 1036 1932 de
1064 1894 1214 1936 l’Acad.
1243 1897 1293 1935 T.
1321 1897 1396 1937 111.

137 1979 177 2019 p.
203 1967 310 2015 383.
352 1962 421 2015 qni
451 1961 550 2001 illud
577 1958 881 2012 Theffalonicenfi
893 1958 1089 2011 adscribit,
1120 1962 1233 2013 cujus
1254 1965 1395 2014 poetae

137 2031 269 2072 stilum
295 2028 366 2068 {ibi
394 2029 601 2068 videbatur
628 2024 855 2081 agnoscere.
903 2027 1026 2068 Certe
1056 2040 1223 2068 acumen
1245 2029 1289 2068 in
1311 2027 1394 2069 fine

132 2099 319 2140 ‘carminis
341 2097 459 2149 plane
481 2094 604 2145 idem,
634 2093 742 2147 quod
768 2092 824 2133 est
844 2094 886 2133 in
908 2097 979 2146 Ep.
1001 2097 1067 2135 Xl.
1087 2117 1153 2125 -—
1195 2097 1394 2148 Scriptum

136 2164 194 2207 est
213 2165 256 2206 i‘n
277 2163 418 2206 Bacchi
436 2162 612 2210 statuam,
645 2162 686 2201 in
707 2158 856 2202 Pisonis
877 2161 1041 2202 aedibus
1059 2162 1301 2204 collocatam.
1325 2185 1393 2194 —

135 2234 187 2274 V.
219 2243 253 2274 1.
276 2228 520 2274 συνασπιστιῖς.
558 2233 592 2270 Α
614 2228 728 2268 bellis
751 2228 857 2268 enim
883 2229 1051 2269 minime
1072 2230 1225 2270 alienus
1239 2231 1393 2286 Diony·

132 2298 207 2342 sus.
255 2297 373 2342 Conf.
405 2301 553 2350 lntrpp.
584 2297 739 2336 Horatii
765 2297 812 2336 11.
847 2295 979 2336 Carm.
1002 2299 1106 2338 XlX.
1130 2306 1205 2348 25.
1254 2298 1391 2352 Epigr.

130 2372 254 2408 ἂδέσπ.
277 2367 410 2408 CCLl.
432 2366 474 2404 in
495 2363 687 2403 Bacchum
712 2374 753 2403 et
775 2364 989 2404 Herculem
1003 2378 1018 2404 ο
1039 2368 1226 2412 ἀμφότεροι
1243 2363 1389 2413 oden&

132 2435 188 2479 xm}
207 2441 392 2482 ἀμφότεροι
412 2429 624 2479 πολεμισταί.
661 2428 842 2480 Causam,
856 2444 924 2470 cur
941 2428 1026 2471 Piso
1038 2430 1231 2472 Bacchum
1254 2430 1324 2471 fibi
1344 2431 1388 2472 in

130 2501 245 2542 bellis
277 2500 479 2543 faventem
510 2509 691 2552 putaret,
722 2511 771 2537 ex
792 2497 921 2537 Dione
945 2496 1043 2550 Caff
1074 2501 1123 2540 T.
1149 2502 1179 2541 1.
1209 2513 1249 2552 p.
1268 2501 1386 2550 764.

128 2565 310 2622 suspicari
329 2565 543 2620 pofi'umus.
598 2567 643 2614 Is,
669 2565 738 2617 qui
761 2563 890 2604 Bessos
915 2566 963 2604 ad
994 2564 1229 2606 seditionem
1249 2569 1388 2606 incen-

129 2635 254 2686 derat,
288 2630 510 2689 Vologesus
527 2633 618 2684 fuit,
639 2631 779 2674 Bacchi
799 2628 988 2684 sacerdos,
1017 2634 1087 2686 qui
1107 2630 1147 2673 se
1167 2633 1238 2674 deo
1260 2634 1388 2684 opitu-
