1598 2866
19 214 22 220 Ι
100 140 262 213 stu..
330 180 340 196 ο
494 169 1010 203 :manantur-ru.
1291 168 1384 213 173

582 247 593 267 Χ

117 282 200 328 offa
220 285 336 327 tenui
353 293 394 325 et
413 282 583 325 delicata
602 286 747 337 accipi,
780 297 885 338 quae
903 285 947 324 in
965 284 1107 339 lingua
1124 279 1248 336 pofita
1267 280 1388 325 facile

118 352 406 395 comminuitur
433 342 477 395 et
508 363 666 392 tantum
703 365 787 392 non
822 348 1026 405 liquescit;
1062 347 1129 391 sed
1153 363 1316 400 vereor,
1336 361 1385 396 ut

120 429 331 463 contextus
342 418 447 459 hane
466 421 777 472 explicationem
795 418 911 460 ferat.
940 416 1005 459 Est
1019 418 1154 469 potius
1166 416 1205 456 h.
1216 418 1243 460 1.
1260 417 1385 465 vicine

119 485 267 528 aridior
286 485 441 540 (ξηρὴ),
477 487 605 540 qualis
624 485 683 528 est
701 487 832 540 panis,
866 498 988 539 quem
1008 485 1128 526 viani
1147 484 1200 525 de
1213 481 1386 537 piscibus

117 551 326 606 posthabet
351 553 422 594 Ph.
473 557 530 595 Ut
546 555 661 595 illum
684 555 811 610 igitur
837 551 1134 606 quodammodo
1165 552 1386 607 gratiorem

117 631 162 662 et
180 620 466 673 jucundiorem
498 620 653 672 reddat,
684 618 726 661 se
749 616 872 674 pisces
900 632 1097 673 quaerere
1120 619 1188 660 ait.
1219 625 1268 663 εἰς
1293 623 1387 659 &ra-⁴

119 704 183 732 m
203 693 245 734 ψ.
268 705 301 727 κ.
344 687 394 728 ad
423 687 602 728 taedium
638 687 741 729 aridi
772 687 851 728 cibi
877 686 1101 728 fallendum
1128 697 1171 727 et
1198 682 1385 740 superan-

120 753 231 800 dum.
277 756 446 796 Utinam
467 753 698 807 teneamus,
732 755 940 808 quomodo
960 753 1127 795 Grotius
1145 753 1245 795 haec
1263 754 1385 796 verba

118 833 189 862 aut
218 823 459 874 correxerit,
500 833 570 863 aut
610 823 862 876 explicuerit.
936 822 1072 865 Vertit
1108 834 1157 862 ea
1197 822 1242 863 in
1273 821 1384 865 hunc

118 889 284 931 modum
303 903 314 929 :

188 956 294 996 Nam
313 970 428 1008 mare,
455 969 532 996 non
553 970 679 997 carnes
696 957 806 998 cordi
833 957 953 997 mihi.-
977 956 1096 1011 piscis
1123 969 1252 997 amore

254 1023 476 1078 Mespec‘tas
495 1023 591 1064 alios
608 1027 652 1064 in
671 1038 773 1064 mare
790 1024 906 1075 ferre
925 1023 1036 1066 cibos.

124 1092 319 1139 Ceterum
346 1091 455 1132 haud
475 1078 577 1141 scio,
611 1105 665 1132 an
686 1091 762 1132 hoc
790 1091 985 1132 distichon
1006 1092 1151 1132 melius
1177 1090 1264 1145 post
1281 1105 1323 1133 v:
1340 1103 1384 1136 2.

123 1158 354 1200 collocetur.
418 1159 691 1201 Continuatur
731 1160 840 1200 enirn
877 1156 1086 1213 descriptio
1116 1162 1180 1198 τοῦ
1209 1165 1385 1211 ἐμπολῆς,

127 1236 171 1267 et
191 1223 380 1279 oppositio
393 1224 451 1265 est
469 1226 512 1266 in
536 1226 669 1267 verbis
689 1227 768 1267 αἵτε
789 1233 833 1267 σέ
848 1226 886 1275 γ’
914 1248 957 1258 -
987 1232 1138 1276 σμαρίδα
1154 1238 1197 1268 et
1213 1232 1388 1274 χαλκίδας

124 1289 164 1340 ἦν
188 1297 225 1333 δὲ
242 1299 365 1341 φέρῃς,
397 1305 505 1346 quae
528 1295 672 1335 melius
689 1306 852 1349 apparet
872 1295 994 1335 tertio
1010 1293 1175 1335 disticho
1199 1294 1287 1348 post
1301 1295 1385 1348 pri-

123 1373 237 1402 mum
256 1358 394 1413 pofito.
416 1381 484 1392 —-
528 1362 607 1403 Pro
635 1365 771 1406 ἀπάτην
796 1361 898 1403 Cod.
915 1363 1006 1403 Vat.
1034 1361 1175 1402 ἂπᾶταν
1190 1361 1298 1417 legit.
1315 1380 1387 1395 —-

122 1428 174 1468 V.
197 1435 242 1477 7.
269 1432 458 1474 χαλκίδας.
497 1429 693 1470 viliorem
718 1427 836 1470 fuiffe
862 1426 1033 1482 piscem,
1062 1425 1266 1482 spinisque
1292 1429 1387 1470 hor·

122 1504 298 1545 rentem,
321 1508 371 1535 ex
394 1494 433 1535 h.
453 1496 479 1535 1.
498 1493 761 1551 cognoscitur.
804 1496 914 1538 Alibi
934 1497 1044 1537 enim
1073 1495 1176 1537 nihil
1196 1497 1247 1537 de
1262 1510 1309 1538 eo
1325 1509 1389 1538 re·

121 1563 257 1617 perio,
292 1563 400 1615 quod
431 1577 521 1603 cum
542 1563 709 1604 Phaniae
733 1564 884 1617 judicio
903 1565 1126 1605 conveniat.
1188 1565 1385 1615 Fuerunt,

123 1629 195 1683 qui
224 1642 319 1669 eum
346 1644 419 1683 pro
440 1629 573 1671 halece
603 1631 808 1675 haberent.
858 1631 964 1674 Vide
988 1631 1126 1672 camus
1143 1634 1265 1673 Notes
1284 1628 1310 1672 s.
1334 1634 1386 1675 A.

122 1710 164 1750 p.
192 1705 210 1736 1
224 1700 245 1743 8
258 1707 296 1747 3.
314 1693 378 1750 sq.
399 1699 469 1750 qui
489 1710 575 1738 rem
593 1700 787 1739 incertam
814 1696 896 1739 effe
916 1699 1163 1752 pronuntiat.
1185 1719 1250 1729 --
1283 1701 1386 1747 θςίσ·

124 1780 184 1807 σος
227 1763 336 1804 idem
368 1762 424 1805 est
452 1765 590 1818 procul
622 1765 766 1816 dubio,
808 1779 931 1820 quem
958 1755 1038 1807 alii'
1057 1771 1203 1814 θρίσσαν
1232 1777 1390 1824 νοεειῐιῐἰ

125 1830 237 1885 quod
257 1828 386 1885 ipsum
419 1831 456 1872 h.
478 1833 503 1872 l.
528 1834 811 1886 reponendum
838 1832 921 1875 esse
949 1833 1197 1875 existimabat
1218 1834 1387 1891 Scaliger

123 1898 168 1939 in
190 1909 274 1939 not.
298 1897 387 1942 mft.
407 1910 448 1940 et
467 1899 726 1953 schaderias,
759 1915 880 1956 quem
904 1902 996 1943 viic
1022 1900 1072 1942 ad
1096 1901 1243 1942 Aelian.
1264 1903 1317 1943 V.
1337 1902 1391 1941 H.

123 1967 192 2006 VI.
218 1976 292 2016 32.
313 1977 351 2020 p.
378 1976 483 2018 197.
542 1975 608 2006 τῦν
636 1973 835 2018 ἃκανθηςῶν
854 1971 997 2025 generi
1015 1980 1301 2010 annumeratur
1327 1983 1392 2022 ap.

124 2031 366 2089 Aristotelem
388 2037 437 2076 Η.
458 2036 509 2078 Ν.
531 2036 599 2078 IX.
626 2045 701 2087 37.
716 2058 781 2070 —-
822 2041 1067 2086 φιλοκωνθίδας
1097 2036 1198 2077 Cod.
1212 2039 1301 2078 Vat.
1322 2056 1391 2069 —-

128 2106 281 2149 εὖάγςει.
311 2104 422 2142 Inter
444 2116 510 2143 eas
532 2102 591 2143 est
610 2103 815 2156 formulas,
843 2105 988 2158 quibus
1005 2114 1254 2144 contemtum
1273 2103 1392 2159 signin

126 2165 303 2208 ficabant
334 2181 488 2210 veteres
498 2185 511 2220 ;
553 2184 724 2223 quarum
753 2173 966 2212 nonnullas
992 2171 1183 2223 explicuit
1214 2170 1397 2212 Valckenae

128 2234 178 2275 ad
198 2237 360 2288 Hippol.
386 2251 425 2289 p.
455 2243 563 2288 178.
582 2241 626 2279 B.
648 2258 713 2268 —-
744 2243 877 2279 λιθίναν
900 2245 1055 2288 φάρυγα.
1088 2249 1135 2278 ut
1153 2239 1217 2278 vel
1236 2237 1392 2278 duriffi·

125 2314 193 2341 ma
221 2316 405 2357 quaeque
433 2304 637 2360 deglutire
659 2306 823 2360 poffim3
863 2307 974 2360 quod
992 2307 1141 2347 voracis
1161 2304 1219 2345 est
1238 2316 1281 2345 et
1303 2305 1394 2345 hel·-

122 2367 267 2409 luonis.

223 2435 333 2477 VIII.
367 2440 414 2479 ln
436 2440 601 2481 Planud.
623 2454 662 2492 p.
685 2441 797 2484 216.
814 2443 869 2483 St.
893 2450 917 2492 3
931 2443 1082 2493 14.W.
1106 2445 1299 2487 Θεοφάνης
1318 2437 1389 2482 est.

126 2509 250 2542 Φανίου
267 2509 512 2552 γραμματικοῦ
537 2504 719 2548 inscribit
737 2511 826 2550 Vat.
847 2508 950 2550 Cod.
986 2523 1024 2561 p.
1049 2517 1157 2557 292.
1199 2509 1247 2546 ln
1268 2509 1389 2548 Man·

124 2568 245 2610 tithei
274 2573 568 2626 cenotaphium,
600 2589 623 2615 a
651 2586 763 2628 patre
791 2573 861 2629 ipsi
891 2574 1147 2619 exſtruam.
1166 2595 1232 2604 -—
1271 2575 1322 2615 V.
1345 2581 1388 2631 ι.
