1598 2866
279 210 376 251 226
729 217 1086 253 PH1L01>EM1
1409 212 1557 269 niv-1

280 332 442 385 Salmas.
470 334 513 373 in
541 334 642 373 Plin.
671 347 711 386 p.
744 333 860 384 651.·
878 336 920 375 F.
941 346 1007 365 '—-
1049 336 1135 376 Nec
1165 343 1302 375 tamen
1329 331 1554 388 spernenda

281 403 352 444 Βν.
386 401 616 441 emendatio
647 409 777 445 πηκτῆν
810 403 943 453 θύραν,
987 402 1094 455 quod
1137 403 1280 443 nititur
1319 403 1555 444 auctoritate

281 469 490 520 Hesychii:
522 476 650 512 πηκταὶ
686 472 786 515 θύμω
801 496 813 519 ,
848 467 903 511 novi
935 464 1096 513 elia-num
1124 468 1179 514 nota*
1205 466 1352 518 εὸθυςσι.
1399 469 1554 512 Confer

276 524 422 588 Rufin.
443 538 514 588 Ep.
540 537 705 576 xxvu.
731 543 773 574 τὸ
801 538 966 584 πρόθυρον
983 534 1123 584 σφῆνου.
1143 555 1211 571 --
1250 540 1298 579 In
1320 535 1403 579 fine
1424 534 1555 578 versus

987 618 1013 636 εὖ

284 651 404 695 θύρην.
435 650 525 688 Vat.
550 646 650 690 Cod.
675 667 742 675 -·
784 649 836 688 V.
857 657 897 698 ς.
923 658 1007 695 muln
1025 658 1066 688 et
1085 649 1292 697 spaatqdwrgt’
1311 645 1441 693 ἄκοιτις
1459 650 1554 689 Vat.

286 715 390 759 Cod.
410 737 475 745 --
522 717 642 755 Hunc
669 711 822 754 versum
847 729 867 754 a
897 713 968 757 Br.
997 716 1155 768 penitus
1181 716 1439 759 emendatum
1456 714 1550 767 effe,

286 784 404 825 valde
429 781 583 824 dubito.
617 783 727 832 Quid
748 783 856 822 enim
877 781 933 821 est
951 784 1092 830 ξανθῷῖ
1127 796 1207 835 quo
1231 780 1342 823 sensu
1359 783 1552 836 accipien-

288 851 386 891 dum
410 848 491 890 est?
530 850 611 889 Vix
631 849 797 889 verbum
823 850 989 903 reperiri
1017 850 1187 902 poterit,
1220 850 1328 904 q'uod
1351 862 1444 904 apte
1465 847 1552 904 sup-

283 919 459 972 pleatur.
507 916 664 956 Deinde
693 915 768 957 hoc
792 930 859 956 me
891 918 994 956 male
1023 916 1158 967 habet,
1194 917 1300 970 quod
1328 917 1482 972 puella,·
1505 918 1549 958 in

286 986 400 1037 cujus
423 984 626 1037 amplexus
645 987 763 1037 poeta
783 981 822 1023 se
841 997 958 1023 ruere
977 983 1108 1038 fingit,
1131 985 1188 1024 bis
1203 980 1439 1038 appellatur.
1473 986 1550 1026 Pro

286 1065 381 1093 meo
404 1047 512 1091 sensu
536 1051 662 1091 oratio
680 1050 728 1090 ad
745 1051 928 1091 ancillam
951 1052 1219 1099 continuatur,
1253 1065 1381 1105 usque
1400 1052 1450 1093 ad
1467 1059 1550 1093 vor·

286 1120 361 1160 ba:
394 1127 436 1158 σῦ
456 1118 484 1157 δ’
500 1114 525 1157 ὦ
544 1128 583 1165 φ.
603 1135 634 1158 κ.
674 1120 810 1169 Quare
830 1119 933 1168 vide,
965 1133 1015 1158 an
1033 1123 1151 1170 po'eta
1171 1115 1386 1171 scripserit:

518 1183 573 1229 aa)
596 1192 638 1225 cz>
657 1191 771 1234 φύλαξ
791 1186 830 1224 οἷν
852 1190 945 1231 δῶμα
969 1201 982 1226 .’
1003 1216 1014 1227 .
1038 1215 1048 1226 .
1071 1193 1115 1226 Σῦ
1133 1188 1164 1226 δ’
1180 1183 1205 1225 ὦ
1223 1198 1264 1234 Φ.
1289 1204 1320 1226 ιι.

287 1253 343 1296 Et
363 1267 409 1294 tu
431 1252 588 1307 quidem,
619 1267 640 1291 0
659 1252 845 1303 Philaeni,
880 1252 996 1305 custos
1018 1257 1059 1309 ir(
1085 1255 1192 1294 domo
1213 1267 1382 1310 maneas..
1404 1277 1449 1286 —
1479 1252 1553 1293 'Tu

286 1334 413 1363 autem
440 1341 481 1348 —
499 1349 509 1360 .
553 1321 736 1362 Ancillae
763 1320 949 1360 excubias
978 1322 1019 1360 in
1051 1322 1191 1361 limine
1219 1332 1385 1377 agentes
1415 1319 1553 1375 paffim

288 1390 441 1430 obviae.
463 1408 528 1416 —-
572 1388 661 1443 Jam
679 1387 741 1428 his
766 1388 951 1427 omnibus
972 1387 1162 1441 dispolitis
1189 1390 1365 1440 puellam
1391 1388 1440 1428 ad
1463 1399 1551 1440 per·

286 1457 420 1512 agend
455 1456 625 1495 Veneris
639 1454 825 1510 mysteria
845 1454 1090 1495 exhortatur.
1127 1462 1174 1495 τὰ
1193 1463 1391 1514 Λςιπόμενα.
1420 1454 1551 1495 Cetera

286 1526 374 1578 quis
389 1536 413 1562 n
425 1522 540 1573 scit?
571 1520 652 1577 laffi
670 1514 923 1577 requieviiuus
940 1520 1058 1564 ambo.
1093 1523 1205 1564 Ovid.
1219 1526 1247 1564 1.
1259 1525 1395 1564 Amor.
1408 1524 1459 1565 V.
1473 1530 1550 1573 Ως.

387 1609 540 1652 XVIII.
573 1610 777 1652 Cod.Vat.
799 1624 840 1664 p.
863 1614 936 1661 89.
961 1611 1123 1661 „Hujus
1143 1611 1450 1666 Epigrammatis
1473 1610 1554 1651 duo

287 1689 480 1724 „tantum
494 1676 668 1727 disticha,
687 1679 861 1731 primum
883 1688 925 1717 et
946 1678 1120 1727 tertium,
1143 1678 1184 1718 in
1204 1679 1364 1733 vulgata
1380 1676 1550 1719 Anthol.

286 1748 591 1801 „leguntu1·.·p.
614 1745 724 1796 468.
746 1747 803 1787 St.
829 1745 939 1795 609.
959 1747 1028 1786 W.
1078 1745 1313 1785 Philodemo
1345 1745 1460 1786 valde
1491 1745 1551 1785 in-

283 1810 453 1860 „sensus
486 1811 565 1851 fuit
595 1812 804 1855 Planudes.
851 1812 1079 1852 Secundum
1105 1813 1309 1868 integrum
1341 1811 1466 1853 exstat
1487 1826 1550 1866 ap.

283 1880 481 1926 „Suidam
498 1880 539 1919 in
559 1885 698 1926 λύγδινκ
712 1880 781 1929 (T.
793 1881 843 1919 11.
854 1894 891 1932 p.
907 1878 1051 1934 465.),
1069 1880 1176 1932 quod
1192 1879 1301 1920 unde
1315 1880 1550 1933 decerptum
1583 1869 1585 1872 Α

287 1947 447 1999 ,‚esset‚
479 1948 624 1986 mirum
657 1961 738 1987 non
768 1946 824 1987 est
854 1945 1054 2000 ignorafi'e
1080 1946 1311 1996 Kusterum3
1346 1958 1387 1986 et
1405 1947 1550 1998 partim

283 2018 361 2060 „in
386 2019 563 2058 κωνοειδές.
587 2010 655 2063 (Τ.
675 2016 727 2055 11.
742 2028 779 2067 p.
809 2014 867 2065 36
876 2014 936 2062 ς.)
982 2014 1087 2055 Hinc
1115 2014 1374 2069 corrigendus
1396 2012 1549 2065 Suidas,

283 2097 383 2135 ηερ.
414 2094 537 2134 quem
571 2081 676 2121 male
711 2082 888 2136 legitur:
919 2086 1205 2129 xtqaveofaec235c.“
1234 2081 1306 2122 Br.
1368 2080 1549 2132 charito,

285 2148 492 2205 sexaginta
512 2162 710 2188 annorum
740 2149 907 2199 mulier,
938 2146 1006 2187 sed
1029 2148 1157 2188 adhuc
1177 2148 1312 2188 multis
1335 2145 1549 2188 venei-ibus

286 2215 494 2270 conspicua
508 2245 518 2264 ‚
550 2214 626 2256 hoc
644 2216 821 2255 carmine
843 2216 1039 2255 laudatur.
1063 2237 1128 2245 -—-
1172 2215 1222 2254 V.
1248 2226 1286 2257 Ι.
1308 2215 1443 2270 Vulgo
1462 2228 1547 2255 cor·

284 2296 404 2338 rupte
431 2283 473 2322 in
504 2283 612 2323 Plan.
632 2289 846 2331 λυκάβαντος
866 2287 901 2326 ἐς
920 2281 1017 2330 ὅροις,
1065 2282 1159 2336 Jos:
1192 2282 1358 2338 Scaliger
1379 2283 1422 2322 in
1439 2282 1546 2322 notis

285 2349 375 2393 mst.
396 2349 500 2398 ἐώρας
518 2350 760 2401 emendavit,
792 2347 923 2390 nescio
947 2364 1027 2402 quo
1050 2346 1174 2391 sensu.
1219 2350 1388 2389 Huetius
1406 2363 1447 2402 p.
1464 2349 1543 2400 46.

283 2420 481 2473 triplicem
510 2413 700 2471 probonit
725 2418 1013 2470 conjecturam:
1047 2415 1125 2457 five
1153 2421 1253 2456 τελεῖ
1268 2421 1490 2465 λυκάβαντας
1510 2420 1548 2461 ἐς

281 2487 382 2535 ὧρας.
410 2485 488 2526 five
508 2492 602 2524 πέλει
628 2490 843 2533 λυκάβαντος
873 2489 902 2526 ἐ.
925 2483 963 2526 ὦ.
1004 2483 1079 2524 five
1098 2485 1190 2534 πελᾷ
1208 2492 1243 2522 λ.
1262 2487 1290 2523 ἓ..
1309 2482 1346 2523 ὅ.
1397 2485 1547 2526 Veram

280 2555 492 2595 leffimiem
524 2554 616 2592 Vat.
651 2552 749 2593 Cod.
773 2551 899 2592 dedit.
945 2553 1143 2606 Vulgatae
1169 2562 1302 2591 tamen
1328 2551 1548 2602 patrocina-

278 2633 344 2663 tur
379 2621 430 2663 G.
453 2617 663 2672 Wakefield
692 2621 736 2660 in
764 2620 870 2676 Sylv.
900 2620 985 2660 crit.
1015 2622 1066 2661 T.
1087 2621 1159 2659 111.
1189 2632 1226 2671 p.
1255 2626 1327 2670 57.
1358 2617 1549 2671 quihanc
