1598 2866
180 227 270 269 302
442 223 812 256 Anni-Anu
873 223 1182 256 Tunssixr„
1268 216 1457 269 1L114.

174 338 264 381 solis
303 331 435 380 ortum
475 336 665 391 proferas.
742 335 866 388 Quod
916 339 1188 379 Romanorum
1230 339 1450 393 imperium

174 411 358 457 πάντοθεν,
398 406 595 458 undique,
615 405 666 444 ab
680 417 836 445 oceano
859 404 1079 446 circumflui
1106 405 1262 454 dicitur,
1294 408 1340 447 in
1358 409 1456 460 Ροέ·

174 486 214 516 ta
244 475 406 514 domino
438 473 628 513 adulante
656 486 740 512 non
770 472 1012 527 urgendum.
1033 485 1099 503 -Α-
1137 479 1341 522 σφραγῖσιν.
1370 473 1445 521 οὓς·

173 541 317 598 fignes,
338 541 507 591 claudas,
528 541 732 581 termines.
753 561 816 569 ——
854 543 899 579 111
918 537 1000 579 fine
1021 542 1113 583 Vat.
1130 542 1228 582 Cod.
1242 541 1375 590 ηἐλένῳ.

267 644 376 685 ΧΧΙ.
412 643 514 684 Cod.
538 645 628 685 Vat.
658 657 698 696 Ρ.
724 651 780 693 17
789 651 826 691 5.
848 642 979 683 Ἀντιπ.
1001 654 1106 684 oen.
1140 643 1249 684 Plan.
1268 658 1307 696 p.
1329 654 1441 696 440.

172 715 229 757 St.
253 722 360 763 573.
382 712 448 753 W.
497 710 566 750 ubi
594 702 749 751 nonnisi
782 710 862 750 duo
892 711 1026 762 priora
1060 709 1221 750 disticha
1247 711 1441 766 leguntur

171 779 256 831 fine
276 779 441 820 auem-is
462 779 639 818 nomine.
694 778 888 819 Mutilum
908 774 988 817 esse
1015 777 1294 826 animadvertit
1319 778 1442 834 Toup.'

173 850 218 889 in
253 850 340 888 Em.
373 848 416 886 in
440 845 551 887 Suid.
573 847 645 886 ΙΙΙ.
675 858 713 897 Ρ.
738 855 848 895 500.
878 858 928 884 ex
951 843 1088 885 Suidae
1107 845 1277 895 Lexieo,
1311 844 1382 886 ubi
1403 860 1440 887 v.

172 922 265 954 τοῖϊν
287 917 339 955 Τ.
356 961 357 964 ¹
372 915 444 953 111.
472 925 512 964 p.
543 922 653 966 514.
685 909 784 954 vers.
812 923 974 965 quartus
998 926 1088 952 cum
1113 913 1230 952 initio
1250 926 1284 953 v.
1307 912 1442 965 quinti

173 981 405 1023 alienissimo
427 982 512 1021 loco
528 981 689 1035 legitur.
724 983 934 1034 Integrum
956 993 1116 1020 carmen
1131 981 1282 1033 primus
1303 979 1443 1020 Brun-

173 1048 276 1090 ckius
306 1048 444 1089 edidit.
471 1069 538 1076 —
581 1050 718 1102 Lyeon
752 1046 913 1087 Phoebo
948 1048 1117 1100 primam
1145 1046 1308 1087 barbam
1346 1059 1439 1087 cum

171 1119 272 1158 votis
302 1115 433 1156 offert.
480 1115 584 1155 Vide
604 1115 655 1155 de
682 1114 758 1155 hoc
785 1127 896 1154 more
922 1114 972 1154 ad
998 1113 1212 1168 Apollonid.
1233 1117 1306 1168 Ep.
1327 1114 1438 1155 v111.

170 1207 236 1215 ——
254 1186 303 1225 V.
338 1194 355 1224 1
382 1204 423 1211 -
457 1192 496 1232 3.
525 1182 658 1222 laudat
691 1181 798 1222 Suid.
830 1182 874 1222 in
901 1181 1010 1225 ἴουλος
1034 1185 1082 1222 T.
1096 1184 1149 1223 11.
1173 1197 1210 1234 Ρ.
1242 1182 1349 1223 126.
1371 1204 1440 1235 7—

168 1249 325 1304 ἅςσενας.
368 1250 498 1290 virilis
536 1252 672 1289 aetatis
702 1252 799 1289 circa
826 1261 940 1305 genas
977 1248 1171 1299 nascentia
1199 1248 1327 1306 fi'gna.
1371 1271 1439 1280 —-

169 1322 220 1361 V.
254 1330 294 1370 3.
325 1325 454 1367 πρῶτον
485 1324 603 1365 γέρας.
646 1317 722 1357 Hic
758 1316 1003 1371 Apollonidas
1035 1314 1194 1356 fortasse
1234 1319 1440 1358 invenerat

169 1384 359 1440 scriptum
392 1408 427 1414 —
451 1392 580 1432 πρῶτον
607 1386 718 1435 θέρος,
752 1394 796 1423 ut
821 1397 872 1423 ex
902 1383 989 1435 ejus
1008 1383 1234 1424 imitatione
1255 1380 1438 1436 suspicari

168 1455 284 1496 licet:

305 1526 366 1566 ἧδΰ
397 1525 586 1567 παςηῖάδων
612 1525 741 1566 πρῶτον
770 1521 866 1565 θέρος
885 1513 992 1565 ἤματι
1013 1524 1124 1567 τούτῳ

369 1593 476 1636 uetera
496 1585 550 1631 xo.)
569 1592 693 1634 ’γενύων
719 1585 853 1629 κ’ῖῧέους
871 1584 1000 1630 ἕλικας.

168 1674 236 1685 ·—
256 1656 305 1697 V.
333 1664 374 1705 5.
405 1660 496 1693 τοῖϊν
526 1653 606 1692 ἀλλ’
633 1658 773 1692 ἐπίνευε.
804 1651 911 1694 Suid.
943 1653 970 1693 l.
990 1667 1023 1694 c.
1085 1650 1240 1694 Frustra
1268 1650 1435 1706 Toupiuc

169 1721 349 1764 tentabat
380 1727 447 1760 ban-a
473 1727 652 1770 κροτάφων
679 1725 823 1758 'romae-
869 1721 945 1760 Hic
975 1721 1083 1760 locus
1112 1717 1273 1760 sortaffe
1294 1718 1435 1759 obver-

167 1788 323 1830 sabatur
348 1788 580 1844 Crinagorae
611 1790 682 1840 Ep.
701 1790 787 1827 ΧΠ.
806 1792 958 1834 δαίμονες
984 1792 1076 1826 ἀλλὰ
1093 1788 1262 1837 δέχοισθε,
1289 1793 1346 1825 καὶ
1373 1789 1436 1824 αὖ·

169 1865 252 1897 τίκα
273 1857 368 1896 τῶνδ’
395 1856 455 1894 ἀπ’
479 1862 596 1894 indam
622 1860 798 1898 Εὐκλείδην
819 1864 937 1898 πολιῆς
961 1851 1062 1901 ἄχρις
1080 1850 1202 1902 ἄγοιτε
1224 1860 1435 1902 τριχός.-

169 1931 213 1970 ὡς
234 1932 310 1972 πρό.
337 1926 394 1964 Ut
411 1936 505 1962 eum
528 1935 654 1975 usque
674 1922 723 1960 ad
742 1922 895 1961 virilem
920 1932 1092 1962 aetatem
1113 1919 1343 1974 perduxisti,
1363 1920 1434 1970 ita,

170 1989 330 2045 quaeso,
366 1989 543 2030 eundem
571 1989 619 2029 ad
650 1985 892 2029 sene&utem
922 1989 1126 2041 perducas.
1148 2007 1215 2016 —
1249 1994 1434 2039 mehupas«.

169 2060 301 2114 capitis
322 2060 423 2097 nives
442 2057 542 2097 dixit
564 2057 790 2098 Horat.1V.
815 2056 946 2097 Carm.
976 2056 1086 2096 xm.
1121 2064 1195 2096 12.

267 2159 398 2200 XXII.
433 2159 531 2200 Cod·
557 2161 647 2201 Vat·
676 2172 716 2210 p.
749 2161 852 2208 178-
871 2155 926 2211 sq.
955 2158 1189 2204 Ἀντιπάτρου.
1243 2157 1433 2209 Sequitur

165 2230 302 2284 Epigr.
323 2229 456 2280 Antip.
480 2225 632 2266 Sidonii
656 2228 800 2267 XXIV.
819 2239 910 2265 cum
931 2226 1118 2264 lemmate
1137 2227 1200 2264 τοῦ
1224 2226 1342 2263 αὐτοῦ.
1374 2226 1431 2266 At

165 2312 208 2350 Ρ.
231 2306 340 2348 419.
365 2293 543 2334 nostrum
565 2306 726 2334 carmen
756 2293 903 2333 iterum
933 2292 1083 2346 legitur
1103 2306 1193 2331 cum
1216 2292 1432 2331 lemmate:

165 2364 295 2403 Ἀντιπ.
329 2373 481 2401 escanz.
541 2352 589 2400 ln
610 2361 721 2401 Plan.
747 2375 785 2413 p.
809 2369 919 2412 441.
945 2361 999 2399 St.
1033 2367 1056 2406 ς
1065 2367 1140 2409 47.
1162 2360 1228 2399 W.
1262 2357 1431 2398 austoris

165 2431 321 2471 nomini
341 2428 496 2484 gentile
516 2441 598 2468 non
625 2428 796 2468 additur.
846 2427 967 2466 Paulo
986 2423 1186 2466 obscurius
1217 2437 1434 2480 argumen-

164 2509 251 2538 tum
269 2496 466 2539 carminis.
521 2497 566 2535 [η
589 2496 732 2548 pistarn
754 2494 927 2535 tabulam
954 2490 1139 2545 scriptum
1169 2490 1249 2532 effe
1271 2491 1434 2532 arbitra-

162 2566 248 2616 bar,
282 2566 326 2605 in
350 2578 428 2617 qua
449 2563 636 2603 mulieres
660 2563 789 2602 trinae
816 2563 927 2601 trina
951 2559 1059 2599 dona
1083 2559 1265 2599 manibus
1289 2569 1432 2599 tenen·

165 2644 237 2684 tes,
272 2646 351 2672 una
381 2643 473 2671 eum
497 2631 665 2672 Veneris
691 2629 841 2682 templo
866 2639 908 2669 et
938 2626 1142 2668 fimulacro
1167 2623 1435 2680 repraesenta·
